%% This BibTeX bibliography file was created using BibDesk.
%% http://bibdesk.sourceforge.net/


%% Created for Michael Wetter at 2007-05-24 16:34:42 -0400 


%% Saved with string encoding Western (ASCII) 



@inproceedings{Wetter2006:1,
	Address = {Vienna, Austria},
	Author = {Michael Wetter},
	Booktitle = {Proc. of the 5-th International Modelica Conference},
	Editor = {Christian Kral and Anton Haumer},
	Month = sep,
	Organization = {Modelica Association and Arsenal Research},
	Pages = {517--526},
	Title = {Multizone Building Model for Thermal Building Simulation in {Modelica}},
	Url = {http://www.modelica.org/events/modelica2006/Proceedings/sessions/Session5b4.pdf},
	Volume = {2},
	Year = {2006}}

@inproceedings{Wetter2006:2,
	Address = {Vienna, Austria},
	Author = {Michael Wetter},
	Booktitle = {Proc. of the 5-th International Modelica Conference},
	Editor = {Christian Kral and Anton Haumer},
	Month = sep,
	Organization = {Modelica Association and Arsenal Research},
	Pages = {431--440},
	Title = {Multizone Airflow Model in {Modelica}},
	Url = {http://www.modelica.org/events/modelica2006/Proceedings/sessions/Session413.pdf},
	Volume = {2},
	Year = {2006}}

@conference{Wetter2007:1,
	Address = {Dallas, TX},
	Author = {Michael Wetter},
	Booktitle = {ASHRAE Winter Meeting Seminar 58},
	Date-Added = {2007-05-17 16:30:01 -0400},
	Date-Modified = {2007-05-17 16:37:19 -0400},
	Title = {Building Simulation Using an Equation Solver},
	Year = {2007}}

@inproceedings{WetterHaugstetter2006,
	Address = {Cambridge, MA},
	Author = {Michael Wetter and Christoph Haugstetter},
	Booktitle = {Proc. of SimBuild},
	Date-Added = {2007-05-17 15:24:29 -0400},
	Date-Modified = {2007-05-17 15:28:29 -0400},
	Month = {August},
	Organization = {IBPSA-USA},
	Title = {Modelica versus {TRNSYS} -- {A} Comparison Between an Equation-Based and a Procedural Modeling Language for Building Energy Simulation},
	Url = {http://ceae.colorado.edu/ibpsa/ocs/viewpaper.php?id=162&cf=2},
	Year = {2006}}

@inproceedings{SangiovanniEtAl2004:1,
	Address = {San Diego, CA},
	Author = {Alberto L. Sangiovanni-Vincentelli and Luca Carloni and Fernando De Bernadinis and Marco Sgroi},
	Booktitle = {Proc. of the 41st Design Automation Conference},
	Date-Added = {2007-05-16 15:34:54 -0400},
	Date-Modified = {2007-05-16 15:47:59 -0400},
	Month = {June},
	Pages = {409--414},
	Title = {Benefits and Challenges for Platform-Based Design},
	Url = {http://www-cad.eecs.berkeley.edu/Respep/Research/asves/paper2004/ASV_dac04.pdf},
	Year = {2004}}

@article{Sangiovanni2002:1,
	Author = {Alberto Sangiovanni-Vincentelli},
	Date-Added = {2007-05-16 15:15:55 -0400},
	Date-Modified = {2007-05-16 15:45:32 -0400},
	Journal = {EEDesign of EETimes},
	Month = {February},
	Title = {Defining Platform-based Design},
	Url = {http://www.gigascale.org/pubs/141.html},
	Year = {2002}}

@inproceedings{CrawleyEtAl1997:1,
	Author = {D. B. Crawley and L. K. Lawrie and F. C. Winkelmann and W. F. Buhl and A. E. Erdem and C. O. Pedersen and R. J. Liesen and D. E. Fisher},
	Booktitle = {Proc. of the 6-th IBPSA Conference},
	Date-Added = {2007-05-16 11:01:54 -0400},
	Date-Modified = {2007-05-16 11:06:34 -0400},
	Organization = {International Building Performance Simulation Association and Ecole Polytechnique de Montreal},
	Title = {What next for building energy simulation -- a glimpse of the future},
	Url = {http://www.ibpsa.org/proceedings/BS1997/BS97_P092.pdf},
	Year = {1997}}

@techreport{Boo94,
	Author = {A. J. Booker},
	Institution = {Boeing},
	Keywords = {DACE},
	Number = {BCSTECH-94-052},
	Title = {{DOE} for computer output},
	Type = {Technical Report Boeing Computer Services},
	Year = {1994}}

@phdthesis{Wetter2004:3,
	Author = {Michael Wetter},
	School = {University of California at Berkeley},
	Title = {Simulation-Based Building Energy Optimization},
	Year = {2004}}

@article{PolakWetter2006,
	Author = {Elijah Polak and Michael Wetter},
	Doi = {doi:10.1137/040605527},
	Journal = {SIAM Journal on Optimization},
	Number = {3},
	Pages = {650--669},
	Title = {Precision Control for Generalized Pattern Search Algorithms with Adaptive Precision Function Evaluations},
	Volume = {16},
	Year = {2006}}

@unpublished{PolakWetter2004:1U,
	Author = {Elijah Polak and Michael Wetter},
	Month = mar,
	Note = {Submitted to: {\em SIAM Journal on Optimization}},
	Title = {Precision Control for Generalized Pattern Search Algorithms with Adaptive Precision Function Evaluations},
	Year = {2004}}

@article{Wetter2005:1,
	Author = {Michael Wetter},
	Doi = {doi:10.1016/j.buildenv.2004.10.003},
	Journal = {Building and Environment},
	Month = aug,
	Number = {8},
	Pages = {1085--1092},
	Title = {{BuildOpt} -- A New Building Energy Simulation Program that is Built on Smooth Models},
	Volume = {40},
	Year = {2005}}

@unpublished{Wetter2004:3U,
	Author = {Michael Wetter},
	Month = mar,
	Note = {Submitted to: {\em Building and Environment}},
	Title = {{BuildOpt} -- A New Building Energy Simulation Program that is Built on Smooth Models},
	Year = {2004}}

@techreport{WetterPolakCarey2004,
	Address = {Berkeley, CA, USA},
	Author = {Michael Wetter and Elijah Polak and Van P. Carey},
	Institution = {Lawrence Berkeley National Laboratory},
	Month = mar,
	Number = {LBNL-54658},
	Title = {{BuildOpt} 1.0.1 validation},
	Year = {2004}}

@techreport{Wetter2004:2,
	Address = {Berkeley, CA, USA},
	Author = {Michael Wetter},
	Institution = {Lawrence Berkeley National Laboratory},
	Month = mar,
	Number = {LBNL-54657},
	Title = {{BuildOpt} -- A New Building Energy Simulation Program that is Built on Smooth Models},
	Year = {2004}}

@techreport{Wet99,
	Author = {Michael Wetter},
	Institution = {Lawrence Berkeley National Laboratory},
	Title = {{G}en{O}pt, {G}eneric {O}ptimization {P}rogram, {V}ersion 1.0},
	Year = {1999}}

@techreport{Wet99:2,
	Author = {Michael Wetter},
	Institution = {Lawrence Berkeley National Laboratory},
	Title = {Development of a Computational Tool that Supports Optimal System Design, Proposal for Dissertation Work},
	Year = {1999}}

@techreport{Wet99:3,
	Author = {Michael Wetter},
	Institution = {Lawrence Berkeley National Laboratory},
	Number = {LBNL-42354},
	Title = {Simulation Model Air-to-Air Plate Heat Exchanger},
	Year = {1999}}

@techreport{Wet99:4,
	Author = {Michael Wetter},
	Institution = {Lawrence Berkeley National Laboratory},
	Number = {LBNL-42355},
	Title = {Simulation Model Finned Water-to-Air Coil Without Condensation},
	Year = {1999}}

@inproceedings{WetterHuber1997,
	Author = {Michael Wetter and Arthur Huber},
	Booktitle = {TRNSYS user meeting, Stuttgart, Germany},
	Month = nov,
	Title = {{TRNSYS} {T}ype: Vertical Borehole Heat Exchanger, {EWS} Model. Model Description and Implementation in {TRNSYS}},
	Year = {1997}}

@inproceedings{AfjeiWetterGlass1997,
	Author = {Thomas Afjei and Michael Wetter and Andrew Glass},
	Booktitle = {TRNSYS user meeting, Stuttgart, Germany},
	Month = nov,
	Title = {{TRNSYS} {T}ype: Dual-stage compressor heat pump including frost and cycle losses. Model Description and Implementation in {TRNSYS}},
	Year = {1997}}

@techreport{AfjeiEtAl1998,
	Author = {Th. Afjei and W. Betschart and R. Bircher and H.P. Geering and S. Ginsburg and W. H\"assig and M. Wetter and D. Wittwer and G. Zweifel},
	Institution = {Schweizerisches Bundesamt f\"ur Energiewirtschaft, Bern},
	Title = {Kosteng\"unstige Niedrigtemperaturheizung mit W\"armepumpe. (Low-cost low-temperature heating with heat pump). In German.},
	Year = {1998}}

@techreport{Wet99:5,
	Author = {Michael Wetter},
	Institution = {Lawrence Berkeley National Laboratory},
	Title = {Optimization Problem for Heating and Cooling Energy Minimization of an Office Room by Use of Building Simulation},
	Year = {1999}}

@inproceedings{Wetter2001:1,
	Address = {Rio de Janeiro, Brazil},
	Author = {Michael Wetter},
	Booktitle = {Proc. of the 7-th IBPSA Conference},
	Editor = {R. Lamberts and C. O. R. Negr{\~{a}}o and J. Hensen},
	Month = aug,
	Pages = {601--608},
	Title = {{G}en{O}pt -- A Generic Optimization Program},
	Volume = {I},
	Year = {2001}}

@unpublished{WetterPolak2004:1U,
	Author = {Michael Wetter and Elijah Polak},
	Month = jan,
	Note = {Submitted to {\em Energy and Buildings}},
	Title = {Building Design Optimization Using a Convergent Pattern Search Algorithm with Adaptive Precision Simulations},
	Year = {2004}}

@techreport{Wetter2004:1,
	Address = {Berkeley, CA, USA},
	Author = {Michael Wetter},
	Institution = {Lawrence Berkeley National Laboratory},
	Month = jan,
	Number = {LBNL-54199},
	Title = {{G}en{O}pt, Generic Optimization Program, User Manual, Version 2.0.0},
	Year = {2004}}

@manual{Wetter2003:1,
	Address = {Berkeley, CA, USA},
	Author = {Michael Wetter},
	Edition = {2.0$\alpha$},
	Organization = {Lawrence Berkeley National Laboratory},
	Title = {{G}en{O}pt, Generic Optimization Program, User Manual},
	Year = {2003}}

@manual{Wetter2003:2,
	Address = {Berkeley, CA, USA},
	Author = {Michael Wetter},
	Edition = {2.0.0$\beta$},
	Organization = {Lawrence Berkeley National Laboratory},
	Title = {{G}en{O}pt -- Generic Optimization Program, User Manual},
	Year = {2003}}

@inproceedings{WetterPolak2003:1,
	Address = {Eindhoven, NL},
	Author = {Michael Wetter and Elijah Polak},
	Booktitle = {Proc. of the 8-th IBPSA Conference},
	Editor = {G. Augenbroe and J. Hensen},
	Month = aug,
	Pages = {1393--1400},
	Title = {A convergent optimization method using pattern search algorithms with adaptive precision simulation},
	Volume = {III},
	Year = {2003}}

@article{WetterWright2004:1,
	Author = {Michael Wetter and Jonathan Wright},
	Journal = {Building and Environment},
	Month = aug,
	Number = {8},
	Pages = {989--999},
	Title = {A comparison of deterministic and probabilistic optimization algorithms for nonsmooth simulation-based optimization},
	Volume = {39},
	Year = {2004}}

@unpublished{WetterWright2003:2U,
	Author = {Michael Wetter and Jonathan Wright},
	Month = oct,
	Note = {To appear in: {\em Building and Environment}},
	Title = {A comparison of deterministic and probabilistic optimization algorithms for nonsmooth simulation-based optimization},
	Year = {2003}}

@inproceedings{WetterWright2003:1,
	Address = {Eindhoven, NL},
	Author = {Michael Wetter and Jonathan Wright},
	Booktitle = {Proc. of the 8-th IBPSA Conference},
	Editor = {G. Augenbroe and J. Hensen},
	Month = aug,
	Pages = {1401--1408},
	Title = {Comparison of a Generalized Pattern Search and a Genetic Algorithm optimization method},
	Volume = {III},
	Year = {2003}}

@article{WetterPolak2004:2,
	Author = {Michael Wetter and Elijah Polak},
	Journal = {Building Services Engineering Research and Technology},
	Number = {4},
	Pages = {327--338},
	Title = {A convergent optimization method using pattern search algorithms with adaptive precision simulation},
	Volume = {25},
	Year = {2004}}

@unpublished{WetterPolak2003:2U,
	Author = {Michael Wetter and Elijah Polak},
	Month = nov,
	Note = {Submitted to {\em Building Services Engineering Research and Technology}},
	Title = {A convergent optimization method using pattern search algorithms with adaptive precision simulation},
	Year = {2003}}

@unpublished{WetterPolak2003:2U,
	Author = {Michael Wetter and Elijah Polak},
	Month = nov,
	Note = {Submitted to {\em Building Services Engineering Research and Technology}},
	Title = {A convergent optimization method using pattern search algorithms with adaptive precision simulation},
	Year = {2003}}

@unpublished{WetterPolak2003:1U,
	Author = {Michael Wetter and Elijah Polak},
	Note = {Submitted for publication},
	Title = {A convergent optimization method using pattern search algorithms with adaptive precision simulation},
	Year = {2003}}

@unpublished{WetterWright2003:1U,
	Author = {Michael Wetter and Jonathan Wright},
	Note = {Submitted for publication},
	Title = {Comparison of a Generalized Pattern Search and a Genetic Algorithm optimization method},
	Year = {2003}}

@article{KoschenzDorer1999,
	Author = {Markus Koschenz and Viktor Dorer},
	Doi = {doi:10.1016/S0378-7788(98)00081-4},
	Journal = {Energy and Buildings},
	Month = jun,
	Number = {2},
	Pages = {139--145},
	Title = {Interaction of an air system with concrete core conditioning},
	Volume = {30},
	Year = {1999}}

@article{WrightLoosemoreFarmani2002,
	Author = {Jonathan A. Wright and Heather A. Loosemore and Raziyeh Farmani},
	Doi = {doi:10.1016/S0378-7788(02)00071-3},
	Journal = {Energy and Buildings},
	Month = oct,
	Number = {9},
	Pages = {959--972},
	Title = {Optimization of building thermal design and control by multi-criterion genetic algorithm},
	Volume = {34},
	Year = {2002}}

@inproceedings{Augenbroe2001:1,
	Address = {Rio de Janeiro, Brazil},
	Author = {Godfried Augenbroe},
	Booktitle = {Proc. of the 7-th IBPSA Conference},
	Editor = {R. Lamberts and C. O. R. Negr{\~{a}}o and J. Hensen},
	Month = aug,
	Pages = {15--27},
	Title = {Building simulation trends going into the new millenium},
	Volume = {I},
	Year = {2001}}

@inproceedings{WrightLoosemore2001,
	Address = {Rio de Janeiro, Brazil},
	Author = {Jonathan Wright and Heather Loosemore},
	Booktitle = {Proc. of the 7-th IBPSA Conference},
	Editor = {R. Lamberts and C. O. R. Negr{\~{a}}o and J. Hensen},
	Month = aug,
	Pages = {873--880},
	Title = {The Multi-Criterion Optimization of Building Thermal Design and Control},
	Volume = {I},
	Year = {2001}}

@inproceedings{WrightFarmani2001,
	Address = {Rio de Janeiro, Brazil},
	Author = {Jonathan Wright and Raziyeh Farmani},
	Booktitle = {Proc. of the 7-th IBPSA Conference},
	Editor = {R. Lamberts and C. O. R. Negr{\~{a}}o and J. Hensen},
	Month = aug,
	Pages = {865--872},
	Title = {The Simultaneous Optimization of Building Fabric Construction, {HVAC} System Size, and the Plant Control Strategy},
	Volume = {I},
	Year = {2001}}

@article{AlHomoud1997,
	Author = {Mohammad S. Al-Homoud},
	Journal = {International Journal of Energy Research},
	Pages = {941--957},
	Title = {Optimum thermal design of office buildings},
	Volume = {21},
	Year = {1997}}

@article{Bouchlaghem2000,
	Author = {N. Bouchlaghem},
	Doi = {doi:10.1016/S0926-5805(99)00043-6},
	Journal = {Automation in Construction},
	Month = nov,
	Number = {1},
	Pages = {101--112},
	Title = {Optimising the design of building envelopes for thermal performance},
	Volume = {10},
	Year = {2000}}

@inproceedings{Krishnakumar1989,
	Author = {Kalmanje Krishnakumar},
	Booktitle = {Intelligent Control and Adaptive Systems},
	Editor = {G. Rodriguez},
	Month = nov,
	Organization = {The International Society for Optical Engineering},
	Pages = {289--296},
	Title = {Micro-genetic algorithms for stationary and non-stationary function optimization},
	Year = {1989}}

@inproceedings{ChoudharyMalkawiPapalambros2003,
	Address = {Eindhoven, NL},
	Author = {Ruchi Choudhary and Ali Malkawi and Panos Y. Papalambros},
	Booktitle = {Proc. of the 8-th IBPSA Conference},
	Editor = {G. Augenbroe and J. Hensen},
	Month = aug,
	Title = {A Hierarchical Design Optimization Framework for Building Performance Analysis},
	Year = {2003}}

@article{KimEtAl2003:1,
	Author = {Hyung M. Kim and Nestor F. Michelena and Panos Y. Papalambros and Tao Jiang},
	Doi = {doi:10.1115/1.1582501},
	Journal = {Transaction of ASME: Journal of Mechanical Design},
	Month = jun,
	Pages = {481--489},
	Title = {Target Cascading in Optimal System Design},
	Volume = {125},
	Year = {2003}}

@phdthesis{Choudhary2004:1,
	Author = {Ruchi Choudhary},
	School = {University of Michigan},
	Title = {A Hierarchical Optimization Framework for Simulation-Based Architectural Design},
	Year = {2004}}

@phdthesis{Xing2004:1,
	Address = {Cambridge, MA},
	Author = {Hai-Yun Helen Xing},
	Month = feb,
	School = {MIT},
	Title = {Building Load Control and Optimization},
	Year = {2004}}

@article{CaldasNorford2002,
	Author = {Luisa Gama Caldas and Leslie K. Norford},
	Journal = {Automation in Construction},
	Number = {2},
	Pages = {173--184},
	Title = {A design optimization tool based on a genetic algorithm},
	Volume = {11},
	Year = {2002}}

@article{CuzzilloPagni1998,
	Author = {Bernard R. Cuzzillo and Patrick J. Pagni},
	Journal = {J. of Fire Prot. Engr.},
	Number = {1},
	Pages = {1--11},
	Title = {Thermal Breakage of Double-Pane Glazing by Fire},
	Volume = {9},
	Year = {1998}}

@book{Sto93,
	Address = {New York},
	Author = {J. Stoer and R. Bulirsch},
	Isbn = {0-387-97878-X},
	Mrclass = {65-01},
	Mrnumber = {95i:65006},
	Mrrevr = {David R. Hill},
	Publisher = {Springer-Verlag},
	Title = {Introduction to numerical analysis},
	Year = {1993}}

@article{LaxRichtmyer1956,
	Author = {P. D. Lax and R. D. Richtmyer},
	Journal = {Communications on Pure and Applied Mathematics},
	Number = {2},
	Pages = {267--293},
	Title = {Survey of the Stability of Linear Finite Difference Equations},
	Volume = {IX},
	Year = {1956}}

@book{Gustafsson1995,
	Author = {Gustafsson, Bertil and Kreiss, Heinz-Otto and Oliger, Joseph},
	Isbn = {0-471-50734-2},
	Mrclass = {65M06 (65-02)},
	Mrnumber = {97c:65145},
	Mrreviewer = {G. W. Hedstrom},
	Publisher = {John Wiley \& Sons Inc.},
	Title = {Time dependent problems and difference methods},
	Year = {1995}}

@article{Gustafsson1997,
	Author = {Kjell Gustafsson and Gustaf S\"{o}derlind},
	Journal = {SIAM Journal on Scientific Computing},
	Month = jan,
	Number = {1},
	Pages = {23--40},
	Title = {Control Strategies for the Iterative Solution of Nonlinear Equations in {ODE} Solvers},
	Volume = {18},
	Year = {1997}}

@book{StrangFix1973,
	Author = {Gilbert Strang and George J. Fix},
	Publisher = {Prentice-Hall, Inc.},
	Title = {An Analysis of the Finite Element Method},
	Year = {1973}}

@book{Evans1998,
	Author = {Evans, Lawrence C.},
	Isbn = {0-8218-0772-2},
	Mrclass = {35-01},
	Mrnumber = {99e:35001},
	Mrreviewer = {Luigi Rodino},
	Publisher = {American Mathematical Society},
	Title = {Partial differential equations},
	Year = {1998}}

@book{Hen62,
	Address = {New York},
	Author = {Peter Henrici},
	Mrclass = {65.61},
	Mrnumber = {24 #B1772},
	Mrrevr = {T. E. Hull},
	Pages = {xi+407},
	Publisher = {John Wiley \& Sons Inc.},
	Title = {Discrete variable methods in ordinary differential equations},
	Year = {1962}}

@book{BurdenFaires1997,
	Author = {Richard L. Burden and J. Douglas Faires},
	Edition = {6th},
	Publisher = {Brooks/Cole},
	Title = {Numerical Analysis},
	Year = {1997}}

@book{Hai93,
	Address = {Berlin},
	Author = {E. Hairer and S. P. N{\o}rsett and G. Wanner},
	Edition = {2nd},
	Isbn = {3-540-56670-8},
	Mrclass = {65-02 (34A50 65L99)},
	Mrnumber = {94c:65005},
	Publisher = {Springer-Verlag},
	Series = {Springer series in computational mathematics},
	Title = {Solving ordinary differential equations. {I}},
	Year = {1993}}

@article{BrownHindmarshPetzold1998,
	Author = {Peter N. Brown and Alan C. Hindmarsh and Linda R. Petzold},
	Journal = {SIAM Journal on Scientific Computing},
	Month = sep,
	Number = {5},
	Pages = {1495--1512},
	Title = {Consistent Initial Condition Calculation for Differential-Algebraic Systems},
	Volume = {19},
	Year = {1998}}

@article{BrownHindmarshPetzold1994,
	Author = {Peter N. Brown and Alan C. Hindmarsh and Linda R. Petzold},
	Journal = {SIAM Journal on Scientific Computing},
	Pages = {1467--1488},
	Title = {Using {K}rylov methods in the solution of large-scale differential-algebraic systems},
	Volume = {15},
	Year = {1994}}

@book{BrenanCampbellPetzold1989,
	Author = {K. E. Brenan and S. L. Campbell and L. R. Petzold},
	Publisher = {North-Holland},
	Title = {Numerical Solution of Initial-Value Problems in Differential-Algebraic Equations},
	Year = {1989}}

@book{AscherPetzold1998,
	Address = {Philadelphia, PA},
	Author = {Ascher, Uri M. and Petzold, Linda R.},
	Isbn = {0-89871-412-5},
	Mrclass = {65Lxx (34A09 34A45 65-01)},
	Mrnumber = {99k:65052},
	Mrreviewer = {Michael Hanke},
	Pages = {xviii+314},
	Publisher = {Society for Industrial and Applied Mathematics (SIAM)},
	Title = {Computer methods for ordinary differential equations and differential-algebraic equations},
	Year = {1998}}

@book{Clarke1990,
	Address = {Philadelphia, PA},
	Author = {Clarke, F. H.},
	Isbn = {0-89871-256-4},
	Mrclass = {49-02 (01A75 49J52 58C20 90C48)},
	Mrnumber = {91e:49001},
	Pages = {xii+308},
	Publisher = {Society for Industrial and Applied Mathematics (SIAM)},
	Title = {Optimization and nonsmooth analysis},
	Year = {1990}}

@book{CoddingtonLevinson1955,
	Author = {Coddington, Earl A. and Levinson, Norman},
	Mrclass = {36.0X},
	Mrnumber = {16,1022b},
	Mrreviewer = {M. Zl{\'a}mal},
	Pages = {xii+429},
	Publisher = {McGraw-Hill Book Company, Inc., New York-Toronto-London},
	Title = {Theory of ordinary differential equations},
	Year = {1955}}

@book{Hai96,
	Address = {Berlin},
	Author = {Hairer, E. and Wanner, G.},
	Edition = {2nd},
	Isbn = {3-540-60452-9},
	Mrclass = {65-02 (34A09 34A45 65-01 65Lxx)},
	Mrnumber = {97m:65007},
	Pages = {xvi+614},
	Publisher = {Springer-Verlag},
	Series = {Springer series in computational mathematics},
	Title = {Solving ordinary differential equations. {II}},
	Year = {1996}}

@book{Lan83,
	Author = {Serge Lang},
	Edition = {2nd},
	Publisher = {Addison-Wesley},
	Title = {Real Analysis},
	Year = {1983}}

@inbook{Koe96,
	Author = {J. R. Koehler and A. B. Owen},
	Chapter = {{C}omputer {E}xperiments},
	Pages = {261--308},
	Publisher = {Elsevier Science},
	Title = {Handbook of Statistics},
	Year = {1996}}

@article{NelderMea1965,
	Author = {J. A. Nelder and R. Mead},
	Journal = {The computer journal},
	Month = jan,
	Number = {4},
	Pages = {308--313},
	Title = {A simplex method for function minimization},
	Volume = {7},
	Year = {1965}}

@article{Nel65,
	Author = {J. A. Nelder and R. Mead},
	Journal = {The Computer Journal},
	Month = jan,
	Number = {4},
	Pages = {308--313},
	Title = {Simplex Method for Function Minimization},
	Volume = {7},
	Year = {1965}}

@article{ONe71,
	Author = {R. O'Neill},
	Journal = {Appl. Stat.},
	Pages = {338--45},
	Title = {Algorithm AS 47--Function Minimization Using a Simplex Procedure},
	Volume = {20},
	Year = {1971}}

@article{DeVogelaere1968,
	Author = {R. {D}e Vogelaere},
	Journal = {Comm. {ACM}},
	Month = jul,
	Pages = {498},
	Title = {Remark on Algorithm 178},
	Volume = {11},
	Year = {1968}}

@article{PerttunenJonesStuckman1993,
	Author = {C. D. Perttunen and D. R. Jones and B. E. Stuckman},
	Journal = {Journal of Optimization Theory and Application},
	Month = oct,
	Number = {1},
	Pages = {157--181},
	Title = {Lipschitzian optimization without the {L}ipschitz constant},
	Volume = {79},
	Year = {1993}}

@manual{Finkel2003:1,
	Address = {Center for Research in Scientific Computation, Raleigh, NC},
	Author = {Daniel E. Finkel},
	Month = mar,
	Organization = {North Carolina State University},
	Title = {{DIRECT} Optimization Algorithm User Guide},
	Url = {http://www4.ncsu.edu:8030/~definkel/research/DirectUserGuide_pdf.pdf},
	Year = 2003}

@article{GablonskyKelley2001:1,
	Author = {Gablonsky, J. M. and Kelley, C. T.},
	Doi = {doi:10.1023/A:1017930332101},
	Issn = {0925-5001},
	Journal = {Journal of Global Optimization},
	Number = {1},
	Pages = {27--37},
	Title = {A locally-biased form of the {DIRECT} algorithm},
	Volume = {21},
	Year = {2001}}

@article{CarterEtAl2001,
	Author = {R. G. Carter and J. M. Gablonsky and A. Patrick and C. T. Kelley and O. J. Eslinger},
	Journal = {Optimization and Engineering},
	Pages = {139--157},
	Title = {Algorithms for Noisy Problems in Gas Transmission Pipeline Optimization},
	Url = {http://www4.ncsu.edu/~ctk/pubs.html},
	Volume = {2},
	Year = {2001}}

@article{ChoiKelley2000,
	Author = {T. D. Choi and C. T. Kelley},
	Journal = {SIAM Journal on Optimization},
	Number = {4},
	Pages = {1149--1162},
	Title = {Superlinear Convergence and Implicit Filtering},
	Volume = {10},
	Year = {2000}}

@book{Kelley1999:2,
	Author = {C. T. Kelley},
	Publisher = {SIAM},
	Series = {Frontiers in Applied Mathematics},
	Title = {Iterative methods for optimization},
	Year = {1999}}

@article{Kelley1999:1,
	Author = {C. T. Kelley},
	Journal = {SIAM Journal on Optimization},
	Number = {1},
	Pages = {43--55},
	Title = {Detection and Remediation of Stagnation in the {N}elder--{M}ead Algorithm Using a Sufficient Decrease Condition},
	Volume = {10},
	Year = {1999}}

@article{Tseng1999,
	Author = {Paul Tseng},
	Journal = {SIAM Journal on Optimization},
	Number = {1},
	Pages = {269--288},
	Title = {Fortified-Descent Simplicial Search Method: A General Approach},
	Volume = {10},
	Year = {1999}}

@article{Sac89,
	Author = {J. Sacks and W. J. Welch and T. J. Mitchell and H. P. Wynn},
	Journal = {Statistical Science},
	Number = {4},
	Pages = {409--435},
	Title = {Design and analysis of computer experiments},
	Volume = {4},
	Year = {1989}}

@article{Kos99,
	Author = {Konstantinos Papamichael},
	Journal = {Building Research \& Information},
	Pages = {20--34},
	Title = {Application of information technologies in building design decisions},
	Volume = {27(1)},
	Year = {1999}}

@techreport{JudkoffNeymark1995,
	Author = {R. Judkoff and J. Neymark},
	Institution = {National Renewable Energy Laboratory},
	Title = {International Energy Simulation Test ({BESTEST}) and Diagnostic Method},
	Year = {1995}}

@inproceedings{BjoersellEtAl1999,
	Address = {Kyoto, Japan},
	Author = {Niclas Bj\"orsell and Axel Bring and Lars Eriksson and Pavel Grozman and Magnus Lindgren and Per Sahlin and Alexander Shapovalov and Mika Vuolle},
	Booktitle = {Proc. of the 6-th IBPSA Conference},
	Editor = {N. Nakahara and H. Yoshida and M. Udagawa and J. Hensen},
	Month = sep,
	Pages = {1035--1042},
	Title = {{IDA} Indoor Climate And Energy},
	Url = {http://www.ibpsa.org/conferences.htm},
	Year = {1999}}

@inproceedings{SahlinSowell1989,
	Address = {Vancouver, BC, Canada},
	Author = {Per Sahlin and Ed F. Sowell},
	Booktitle = {Proceedings of the Second International IBPSA Conference},
	Month = jun,
	Pages = {147--154},
	Title = {A Neutral Format for Building Simulation Models},
	Url = {http://www.ibpsa.org/conferences.htm},
	Year = {1989}}

@inproceedings{SahlinBring1991,
	Address = {Nice, France},
	Author = {Per Sahlin and Axel Bring},
	Booktitle = {Proc. of the IBPSA Conference},
	Editor = {J. A. Clarke and J. W. Mitchell and R. C. Van de Perre},
	Month = aug,
	Title = {{IDA} Solver -- {A} Tool for Building and Energy Systems Simulation},
	Url = {http://www.ibpsa.org/conferences.htm},
	Year = {1991}}

@inproceedings{Sahlin2000:1,
	Author = {Per Sahlin},
	Booktitle = {Dublin conference},
	Organization = {The Chartered Institution of Building Services Engineers},
	Title = {The methods of 2020 for building envelope and HVAC systems simulation - will the present tools survive?},
	Url = {http://www.cibse.org/pdfs/Systems simulation in 2020.pdf},
	Year = {2000}}

@article{SahlinEtAl2004:1,
	Author = {Per Sahlin and Lars Eriksson and Pavel Grozman and Hans Johnsson and Alexander Shapovalov and Mika Vuolle},
	Doi = {doi:10.1016/j.buildenv.2004.01.019},
	Journal = {Building and Environment},
	Month = aug,
	Number = {8},
	Pages = {949--958},
	Title = {Whole-building simulation with symbolic {DAE} equations and general purpose solvers},
	Volume = {39},
	Year = {2004}}

@article{Brown1990:1,
	Author = {G\"osta Brown},
	Doi = {doi:10.1016/0378-7788(90)90100-W},
	Journal = {Energy and Buildings},
	Number = {4},
	Pages = {385--400},
	Title = {The {BRIS} simulation program for thermal design of buildings and their services},
	Volume = {14},
	Year = {1990}}

@phdthesis{Sahlin1996:1,
	Address = {Stockholm, Sweden},
	Author = {Per Sahlin},
	Month = may,
	School = {KTH},
	Title = {Modelling and Simulation Methods for Modular Continuous Systems in Buildings},
	Url = {http://www.equa.se/dncenter/thesis.pdf},
	Year = {1996}}

@inproceedings{Winkelmann2001:1,
	Address = {Rio de Janeiro, Brazil},
	Author = {Frederick Winkelmann},
	Booktitle = {Proc. of the 7-th IBPSA Conference},
	Editor = {R. Lamberts and C. O. R. Negr{\~{a}}o and J. Hensen},
	Month = aug,
	Pages = {457--464},
	Title = {Modeling Windows in {EnergyPlus}},
	Volume = {I},
	Year = {2001}}

@article{Crawley2001:1,
	Author = {Drury B. Crawley and Linda K. Lawrie and Frederick C. Winkelmann and Walter F. Buhl and Y. Joe Huang and Curtis O. Pedersen and Richard K. Strand and Richard J. Liesen and Daniel E. Fisher and Michael J. Witte and Jason Glazer},
	Journal = {Energy and Buildings},
	Number = {4},
	Pages = {443--457},
	Title = {{E}nergy{P}lus: creating a new-generation building energy simulation program},
	Volume = {33},
	Year = {2001}}

@inproceedings{Cra99,
	Address = {Lahaina, Maui, Hawaii},
	Author = {Drury B. Crawley and Linda K. Lawrie and Curtis O. Pedersen and Richard J. Liesen and Daniel E. Fisher and Richard K. Strand and Russell D. Taylor and Frederick C. Winkelmann and W. F. Buhl and A. E. Erdem and Y. J. Huang},
	Booktitle = {Proc. of Renewable and Advanced Energy Systems for the 21st Century},
	Month = apr,
	Title = {{EnergyPlus}, A New-Generation Building Energy Simulation Program},
	Year = {1999}}

@manual{BLAST1999:1,
	Address = {Department of Mechanical and Industrial Engineering, Building Systems Laboratory},
	Key = {{BLAST}},
	Organization = {University of Illinois, Urbana-Champaign, IL},
	Title = {{BLAST} 3.0 Users Manual},
	Year = {1999}}

@article{WinkelmannSelkowitz1985,
	Author = {Frederick C. Winkelmann and Stephen Selkowitz},
	Journal = {Energy and Buildings},
	Pages = {271--286},
	Title = {Daylighting Simulation in the {DOE-2} Building Energy Analysis Program},
	Volume = {8},
	Year = {1985}}

@manual{SPARK2003,
	Address = {Berkeley, CA, USA},
	Key = {SPARK},
	Organization = {Lawrence Berkeley National Laboratory and Ayres Sowell Associates Inc.},
	Title = {SPARK, Reference Manual},
	Year = {2003}}

@techreport{WinkelmannBirsdall1993,
	Address = {Berkeley, CA, USA},
	Author = {F. C. Winkelmann and B. E. Birsdall and W. F. Buhl and K. L. Ellington and A. E. Erdem and J. J. Hirsch and S. Gates},
	Institution = {Lawrence Berkeley National Laboratory},
	Month = nov,
	Number = {LBL-34947},
	Title = {{DOE-2} Supplement, Version 2.1{E}},
	Year = {1993}}

@article{KleinDuffieBeckman1976,
	Author = {S. A. Klein and J. A. Duffie and W. A. Beckman},
	Journal = {{ASHRAE} Transactions},
	Number = 1,
	Pages = {623--633},
	Title = {{TRNSYS} -- {A} Transient Simulation Program},
	Volume = 82,
	Year = {1976}}

@article{SowellHaves2001:1,
	Author = {Edward F. Sowell and Philip Haves},
	Doi = {doi:10.1016/S0378-7788(00)00113-4},
	Journal = {Energy and Buildings},
	Number = {4},
	Pages = {309--317},
	Title = {Efficient solution strategies for building energy system simulation},
	Volume = {33},
	Year = {2001}}

@phdthesis{See87,
	Author = {J. E. Seem},
	School = {University of Madison-Wisconsin},
	Title = {Modeling of Heat Transfer in Buildings},
	Year = {1987}}

@phdthesis{Car86,
	Author = {W. L. Carroll},
	School = {University of California, Berkeley, Energy and Resources Group},
	Title = {Energy and Economic Optimization of Conduction-Dominated Buildings},
	Year = {1986}}

@article{MarsdenEtAl2004:1,
	Author = {Alison L. Marsden and Meng Wang and Dennis, Jr., John E. and Parviz Moin},
	Journal = {Optimization and Engineering (in press)},
	Title = {Optimal aeroacoustic shape design using the surrogate management framework},
	Year = {2004}}

@inproceedings{DennisTorczon1997,
	Author = {Dennis, Jr., John E. and Virginia Torczon},
	Booktitle = {Multidisciplinary Design Optimization: State of the Art},
	Editor = {Natalia M. Alexandrov and M. Y. Hussaini},
	Pages = {330--347},
	Publisher = {SIAM},
	Series = {ICASE/NASA Langley Workshop on Multidisciplinary Optimization},
	Title = {Managing Approximation Models in Optimization},
	Year = {1997}}

@phdthesis{Abramson2002:1,
	Address = {Houston, TX},
	Author = {Mark Aaron Abramson},
	Month = aug,
	School = {Rice University},
	Title = {Pattern Search Algorithms for Mixed Variable General Constrained Optimization Problems},
	Year = {2002}}

@article{KoldaLewisTorczon2003:1,
	Author = {Tamara G. Kolda and Robert Michael Lewis and Virginia Torczon},
	Journal = {SIAM Review},
	Number = {3},
	Pages = {385--482},
	Title = {Optimization by Direct Search: {N}ew Perspectives on Some Classical and Modern Methods},
	Volume = {45},
	Year = {2003}}

@phdthesis{Ser98,
	Author = {David B. Serafini},
	School = {Rice University},
	Title = {A Framework for Managing Models in Nonlinear Optimization of Computationally Expensive Functions},
	Year = {1998}}

@phdthesis{Tay96,
	Author = {Russell Derek Taylor},
	School = {University of Illinois, Urbana},
	Title = {Development of an Integrated Building Energy Simulation with Optimal Central Plant Control},
	Year = {1996}}

@misc{NAG81,
	Author = {Numerical Algorithms Group, Oxford},
	Title = {{NAG FORTRAN} {L}ibrary {M}anual, {M}ark 8},
	Volume = {3},
	Year = {1981}}

@inproceedings{Ara89,
	Author = {D. K. Arasteh and M. S. Reilly and M. D. Rubin},
	Booktitle = {{ASHRAE} Transactions},
	Month = jun,
	Pages = {755--765},
	Title = {A Versatile Procedure for Calculating Heat Transfer through Windows},
	Volume = {95.2},
	Year = {1989}}

@manual{Finlayson93,
	Address = {Berkeley, CA, USA},
	Author = {E. U. Finlayson and D. K. Arasteh and C. Huizenga and M. D. Rubin and M. S. Reilly},
	Organization = {Lawrence Berkeley National Laboratory},
	Title = {{WINDOW} 4.0: Documentation of Calculation Procedures},
	Year = {1993}}

@techreport{Finlayson1993,
	Address = {Berkeley, CA, USA},
	Author = {E. U. Finlayson and D. K. Arasteh and C. Huizenga and M. D. Rubin and M. S. Reilly},
	Institution = {Lawrence Berkeley National Laboratory},
	Month = jul,
	Number = {LBL-33943},
	Title = {{WINDOW} 4.0: Documentation of Calculation Procedures},
	Year = {1993}}

@techreport{Ara94,
	Address = {Berkeley, CA, USA},
	Author = {D. K. Arasteh and E. U. Finlayson and C. Huizenga},
	Institution = {Lawrence Berkeley National Laboratory},
	Month = jul,
	Number = {LBL-35298},
	Title = {{WINDOW} 4.1: Program Description},
	Year = 1994}

@article{Tay91,
	Address = {Nice, France},
	Author = {Russel D. Taylor and Curtis O. Pedersen and Dan Fisher and Richard Liesen and Linda Lawrie},
	Journal = {Proc. IBPSA, Building Simulation},
	Title = {Impact of Simultaneous Simulation of Buildings and Mechanical Systems in Heat Balance based Energy Analysis Programs on System Response and Control},
	Year = {1991}}

@article{Fis99,
	Address = {Kyoto, Japan},
	Author = {Daniel E. Fisher and Russel D. Taylor and Walter F. Buhl and Richard J. Liesen and Richard K. Strand},
	Journal = {Proc. IBPSA, Building Simulation},
	Title = {A Modular, Loop-Based Approach to {HVAC} Energy Simulation and its Implementation in {EnergyPlus}},
	Year = {1999}}

@article{OestreicherBauerScartezzini1996,
	Author = {Y. Oestreicher and M. Bauer and J.-L. Scartezzini},
	Journal = {Energy and Buildings},
	Pages = {213--332},
	Title = {Accounting free gains in a non-residential building by means of an optimal stochastic controller},
	Volume = {24},
	Year = {1996}}

@article{HenceKrartiBrandemuehl2003,
	Author = {Gregor P. Henze and Moncef Krarti and Michael J. Brandemuehl},
	Journal = {Energy and Buildings},
	Pages = {111--127},
	Title = {Guidelines for improved performance of ice storage systems},
	Volume = {35},
	Year = {2003}}

@article{Henze2003,
	Author = {Gregor P. Henze},
	Journal = {Energy and Buildings},
	Title = {Impact of real-time pricing rate uncertainty on the annual performance of cool storage systems},
	Volume = {35},
	Year = {2003}}

@article{KintnerEmery1995,
	Author = {M. Kintner-Meyer and A. F. Emery},
	Journal = {Energy and Buildings},
	Pages = {19--31},
	Title = {Optimal Control of an {HVAC} system using cold storage and building thermal capacitance},
	Volume = {23},
	Year = {1995}}

@article{ZhengZaheer1996,
	Author = {G. R. Zheng and M. Zaheer-Uddin},
	Journal = {Energy},
	Number = {5},
	Pages = {407--420},
	Title = {Optimization of thermal processes in a variable air volume {HVAC} system},
	Volume = {21},
	Year = {1996}}

@article{Braun1990,
	Author = {J. E. Braun},
	Journal = {{ASHRAE} {T}ransaction},
	Number = {2},
	Pages = {876--888},
	Title = {Reducing energy costs and peak electrical demand through optimal control of building thermal storage},
	Volume = {96},
	Year = {1990}}

@article{GreenhalghMarshall2000,
	Author = {David Greenhalgh and Stephen Marshall},
	Journal = {SIAM Journal for Computation},
	Number = {1},
	Pages = {269--282},
	Title = {Convergence Criteria for Genetic Algorithms},
	Volume = {30},
	Year = {2000}}

@book{MichalewiczFogel2000,
	Author = {Zbigniew Michalewicz and David B. Fogel},
	Publisher = {Springer},
	Title = {How to Solve it: Modern Heuristics},
	Year = {2000}}

@book{PressEtAl1992,
	Address = {Cambridge},
	Author = {Press, William H. and Teukolsky, Saul A. and Vetterling, William T. and Flannery, Brian P.},
	Isbn = {0-521-43108-5},
	Publisher = {Cambridge University Press},
	Title = {Numerical recipes in {C}},
	Year = {1992}}

@inbook{Gray1993,
	Author = {W. H. Press and B. P. Flannery and S. A. Tuekolsky and W. T. Vetterling},
	Chapter = {20},
	Publisher = {Cambridge University Press},
	Title = {Numerical Recipes in {C}: The Art of Scientific Computing},
	Year = {1993}}

@article{RunnarsonYao2000,
	Author = {T.P. Runarsson and X. Yao},
	Journal = {IEEE Transactions on Evolutionary Computation},
	Number = {3},
	Pages = {284--294},
	Title = {Stochastic Ranking for Constrained Evolutionary Optimisation},
	Volume = {4},
	Year = {2000}}

@book{Deb2001,
	Author = {Kalyanmoy Deb},
	Note = {ISBN: 1-58603-256-9},
	Publisher = {John Wiley \& Sons, Inc.},
	Series = {Interscience Series in Systems and Optimization},
	Title = {Multi-Objective Optimization using Evolutionary Algorithms},
	Year = {2001}}

@article{Deb2000,
	Author = {Kalyanmoy Deb},
	Journal = {Computer methods in applied mechanics and engineering},
	Pages = {311--338},
	Title = {An efficient constraint handling method for genetic algorithms},
	Volume = {186},
	Year = {2000}}

@book{Goldberg1989,
	Author = {D.E. Goldberg},
	Publisher = {Adisson-Wesley},
	Title = {Genetic Algorithm in Search, Optimization, and Machine Learning},
	Year = {1989}}

@article{ParsopoulosVrahatis2002:1,
	Author = {K. E. Parsopoulos and M. N. Vrahatis},
	Journal = {Natural Computing},
	Pages = {235--306},
	Title = {Recent approaches to global optimization problems through {P}article {S}warm {O}ptimization},
	Volume = {1},
	Year = {2002}}

@inproceedings{VanDenBerghEngelbrecht2001,
	Address = {San Francisco, CA},
	Author = {F. van den Bergh and A.P Engelbrecht},
	Booktitle = {GECCO},
	Month = jul,
	Title = {Effects of Swarm Size on Cooperative Particle Swarm Optimisers},
	Year = {2001}}

@inproceedings{EberhartShi2001,
	Address = {Seoul, South Korea},
	Author = {R. C. Eberhart and Y. Shi},
	Booktitle = {Proceedings of the 2001 Congress on Evolutionary Computation},
	Organization = {IEEE},
	Pages = {84--86},
	Title = {Particle swarm optimization: {D}evelopments, applications and resources},
	Volume = {1},
	Year = {2001}}

@inproceedings{Suganthan1999,
	Address = {Washington, DC},
	Author = {P. N. Suganthan},
	Booktitle = {Proceedings of the 1999 Congress on Evolutionary Computation},
	Organization = {IEEE},
	Pages = {1958--1962},
	Title = {Particle swarm optimiser with neighbourhood operator},
	Volume = {3},
	Year = {1999}}

@inproceedings{ParsopoulosVrahatis2002:2,
	Author = {K. E. Parsopoulos and M. N. Vrahatis},
	Booktitle = {Intelligent Technologies -- Theory and Applications: New Trends in Intelligent Technologies},
	Editor = {P. Sincak and J. Vascak and V. Kvasnicka and J. Pospichal},
	Note = {ISBN: 1-58603-256-9},
	Pages = {214--220},
	Publisher = {IOS Press},
	Series = {Frontiers in Artificial Intelligence and Applications},
	Title = {Particle Swarm Optimization Method for Constrained Optimization Problems},
	Volume = {76},
	Year = {2002}}

@inproceedings{LaskariEtAl2002:1,
	Address = {Honolulu, HI},
	Author = {E. C. Laskari and K. E. Parsopoulos and M. N. Vrahatis},
	Booktitle = {Proceedings of the 2002 Congress on Evolutionary Computation},
	Month = may,
	Organization = {IEEE},
	Pages = {1576--1581},
	Title = {Particle swarm optimization for minimax problems},
	Volume = {2},
	Year = {2002}}

@inproceedings{LaskariEtAl2002:2,
	Address = {Honolulu, HI},
	Author = {E. C. Laskari and K. E. Parsopoulos and M. N. Vrahatis},
	Booktitle = {Proceedings of the 2002 Congress on Evolutionary Computation},
	Month = may,
	Organization = {IEEE},
	Pages = {1582--1587},
	Title = {Particle swarm optimization for integer programming},
	Volume = {2},
	Year = {2002}}

@inproceedings{EberhartShi2000,
	Address = {La Jolla, CA},
	Author = {R. C. Eberhart and Y. Shi},
	Booktitle = {Proceedings of the 2000 Congress on Evolutionary Computation},
	Month = jul,
	Organization = {IEEE},
	Pages = {84--88},
	Title = {Comparing inertia weights and constriction factors in particle swarm optimization},
	Volume = {1},
	Year = {2000}}

@inproceedings{ShiEberhart1999,
	Address = {Carmel, IN},
	Author = {Y. Shi and R. C. Eberhart},
	Booktitle = {Proceedings of the 1999 Congress on Evolutionary Computation},
	Organization = {IEEE},
	Pages = {1945--1950},
	Title = {Empirical study of particle swarm optimization},
	Volume = {3},
	Year = {1999}}

@inproceedings{ShiEberhart1998,
	Address = {Anchorage, AK},
	Annote = {Introduced inertia weight},
	Author = {Y. Shi and R. C. Eberhart},
	Booktitle = {Evolutionary Computation},
	Month = may,
	Organization = {IEEE},
	Pages = {69--73},
	Series = {IEEE World Congress on Computational Intelligence},
	Title = {A modified particle swarm optimizer},
	Year = {1998}}

@inproceedings{KennedyEberhart1997,
	Author = {J. Kennedy and R. C. Eberhart},
	Booktitle = {Proc. of Systems, Man, and Cybernetics},
	Month = oct,
	Organization = {IEEE},
	Pages = {4104--4108},
	Title = {A discrete binary version of the particle swarm algorithm},
	Volume = {5},
	Year = {1997}}

@book{KennedyEberhartShi2001,
	Author = {James Kennedy and Russell C. Eberhart and Yuhui Shi},
	Publisher = {Morgan Kaufmann Publishers},
	Title = {Swarm Intelligence},
	Year = {2001}}

@inproceedings{KennedyMendes2002,
	Author = {J. Kennedy and R. Mendes},
	Booktitle = {Proceedings of the 2002 Congress on Evolutionary Computation CEC2002},
	Editor = {David B. Fogel and Mohamed A. El-Sharkawi and Xin Yao and Garry Greenwood and Hitoshi Iba and Paul Marrow and Mark Shackleton},
	Isbn = {0-7803-7278-6},
	Notes = {CEC 2002 - A joint meeting of the IEEE, the Evolutionary Programming Society, and the IEE. Held in connection with the World Congress on Computational Intelligence (WCCI 2002)},
	Organisation = {IEEE Neural Network Council (NNC), Institution of Electrical Engineers (IEE), Evolutionary Programming Society (EPS)},
	Pages = {1671--1676},
	Publisher = {IEEE},
	Publisher_Address = {445 Hoes Lane, P.O. Box 1331, Piscataway, NJ 08855-1331, USA},
	Title = {Population Structure and Particle Swarm Performance},
	Year = {2002}}

@article{ClercKennedy2002,
	Author = {Maurice Clerc and James Kennedy},
	Journal = {IEEE Transactions on Evolutionary Computation},
	Month = feb,
	Number = {1},
	Pages = {58--73},
	Title = {The particle swarm -- explosion, stability, and convergence in a multidimensional complex space},
	Volume = {6},
	Year = {2002}}

@inproceedings{EberhartKennedy1995,
	Address = {Nagoya, Japan},
	Author = {R. C. Eberhart and J. Kennedy},
	Booktitle = {Sixth International Symposium on Micro Machine and Human Science},
	Month = oct,
	Organization = {IEEE},
	Pages = {39--43},
	Title = {A new Optimizer using Particle Swarm Theory},
	Year = {1995}}

@inproceedings{KennedyEberhart1995,
	Address = {Perth, Australia},
	Author = {J. Kennedy and R. C. Eberhart},
	Booktitle = {IEEE International Conference on Neural Networks},
	Month = nov,
	Pages = {1942--1948},
	Title = {Particle Swarm Optimization},
	Volume = {IV},
	Year = {1995}}

@inproceedings{CarlisleDozier2001,
	Address = {Indianapolis, IN},
	Author = {A. Carlisle and G. Dozier},
	Booktitle = {Proceedings of the Workshop on Particle Swarm Optimization},
	Title = {An off-the-shelf {PSO}},
	Year = {2001}}

@techreport{Lew96,
	Author = {Robert M. Lewis and Virginia Torczon},
	Institution = {ICASE},
	Keywords = {direct search methods, pattern search, positive linear dependence},
	Month = dec,
	Number = {TR 96-71},
	Title = {Rank ordering and positive bases in pattern search algorithms},
	Year = {1996}}

@article{DennisTorczon1991,
	Author = {Dennis, Jr., John E. and Virginia Torczon},
	Journal = {SIAM Journal on Optimization},
	Number = {4},
	Pages = {448--474},
	Title = {Direct Search Methods on Parallel Machines},
	Volume = {1},
	Year = {1991}}

@techreport{Trosset2000,
	Author = {Michael W. Trosset},
	Institution = {Rice University, Department of Computational and Applied Mathematics},
	Number = {TR00-20},
	Title = {On the Use of Direct Search Methods for Stochastic Optimization},
	Year = {2000}}

@techreport{TrossetTorczon1997,
	Author = {Michael W. Trosset and Virginia Torczon},
	Institution = {ICASE},
	Number = {TR-97-38},
	Title = {Numerical Optimization Using Computer Experiments},
	Year = {1997}}

@article{Tor98,
	Author = {Virginia Torczon and Michael W. Trosset},
	Journal = {Proceedings of the 7th AIAA/USAF/NASA/ISSMO Symposium on Multidisciplinary Analysis and Optimization, St. Louis, Missouri, AIAA Paper 98-4800},
	Keywords = {design optimization, computer simulation, pattern search, kriging, nonparametric response surface methodology},
	Month = sep,
	Title = {Using approximations to accelerate engineering design optimization},
	Year = {1998}}

@incollection{BookerEtAl1998:1,
	Address = {Boston},
	Author = {A. Booker and Dennis, Jr., J. E. and P. Frank and D. Serafini and V. Torczon},
	Booktitle = {Computational Methods in Optimal Design and Control},
	Editor = {J. T. Borggaard and J. Burns and E. Cliff and S. Schreck},
	Isbn = {0-8176-4064-9},
	Pages = {49--58},
	Publisher = {Birkh\"auser},
	Series = {Progress in Systems and Control Theory},
	Title = {Optimization Using Surrogate Objectives on a Helicopter Test Example},
	Volume = {24},
	Year = {1998}}

@article{Boo99,
	Author = {Booker, Andrew J. and Dennis, Jr., John E. and Frank, Paul D. and Serafini, David B. and Torczon, Virginia and Trosset, Michael W.},
	Journal = {Structural Optimization},
	Keywords = {approximation concepts, surrogate optimization, response surfaces, pattern search methods, derivative-free optimization, design and analysis of computer experiments (DACE), computational engineering},
	Month = feb,
	Number = {1},
	Pages = {1--13},
	Title = {A rigorous framework for optimization of expensive functions by surrogates},
	Url = {http://www.springerlink.com/link.asp?id=102504},
	Volume = {17},
	Year = {1999}}

@phdthesis{Torczon1989,
	Address = {Houston, TX},
	Author = {Virginia Torczon},
	Month = may,
	School = {Rice University},
	Title = {Multi-Directional Search: A Direct Search Algorithm for Parallel Machines},
	Year = {1989}}

@article{Torczon1997,
	Author = {Virginia Torczon},
	Journal = {SIAM Journal on Optimization},
	Number = {1},
	Pages = {1--25},
	Title = {On the Convergence of Pattern Search Algorithms},
	Volume = {7},
	Year = {1997}}

@article{LewisTorczon1999,
	Author = {Robert Michael Lewis and Virginia Torczon},
	Journal = {SIAM Journal on Optimization},
	Number = {4},
	Pages = {1082--1099},
	Title = {Pattern Search Algorithms for Bound Constrained Minimization},
	Volume = {9},
	Year = {1999}}

@article{LewisTorczon2000,
	Author = {Robert Michael Lewis and Virginia Torczon},
	Journal = {SIAM Journal on Optimization},
	Number = {3},
	Pages = {917--941},
	Title = {Pattern Search Methods for Linearly Constrained Minimization},
	Volume = {10},
	Year = {2000}}

@techreport{LewisTorczonTrosset2000,
	Address = {ICASE, Langley Research Center, Hampton, VA},
	Author = {Robert Michael Lewis and Virginia Torczon and Michael W. Trosset},
	Institution = {NASA},
	Month = may,
	Number = {TR-2000-26},
	Title = {Direct search methods: {T}hen and now},
	Year = {2000}}

@article{AudetDennis2003,
	Author = {Audet, Charles and Dennis, Jr., John E.},
	Journal = {SIAM Journal on Optimization},
	Number = {3},
	Pages = {889--903},
	Title = {Analysis of Generalized Pattern Searches},
	Volume = {13},
	Year = {2003}}

@techreport{AudetDennis2000:2,
	Address = {Department of Computational and Applied Mathematics},
	Author = {Audet, Charles and Dennis, Jr., John E.},
	Institution = {Rice University, Houston},
	Number = {TR 00-09},
	Title = {A Pattern Search Filter Method for Nonlinear Programming without Derivatives},
	Year = {2000}}

@techreport{AudetDennis2000,
	Address = {Department of Computational and Applied Mathematics},
	Author = {Audet, Charles and Dennis, Jr., John E.},
	Institution = {Rice University, Houston},
	Number = {TR 00-07},
	Title = {Analysis of Generalized Pattern Search},
	Year = {2000}}

@article{AudetDennis2000Mixed,
	Author = {Audet, Charles and Dennis, Jr., John E.},
	Journal = {SIAM Journal on Optimization},
	Number = {3},
	Pages = {573--594},
	Title = {Pattern Search Algorithms for Mixed Variable Programming},
	Volume = {11},
	Year = {2000}}

@techreport{CoopePrice2000,
	Author = {I. D. Coope and C. J. Price},
	Institution = {Dept. of Mathematics and Statistics, Univ. of Canterbury, Christchurch, New Zealand},
	Number = {UCDMS2000/12},
	Title = {Positive Bases in Numerical Optimization},
	Year = {2000}}

@techreport{PolakWetter2003:1,
	Address = {Berkeley, CA},
	Author = {Elijah Polak and Michael Wetter},
	Institution = {Lawrence Berkeley National Laboratory},
	Number = {LBNL-52629},
	Title = {Generalized Pattern Search Algorithms with Adaptive Precision Function Evaluations},
	Year = {2003}}

@unpublished{PolakWetter2002:1,
	Author = {Elijah Polak and Michael Wetter},
	Note = {Submitted for publication},
	Title = {Generalized Pattern Search Algorithms with Adaptive Precision Function Evaluations},
	Year = {2002}}

@book{Polak1971:1,
	Author = {Elijah Polak},
	Publisher = {New York, Academic Press},
	Series = {Mathematics in Science and Engineering},
	Title = {Computational Methods in Optimization; a Unified Approach},
	Volume = {77},
	Year = {1971}}

@book{Pol97:1,
	Author = {Elijah Polak},
	Publisher = {Springer Verlag},
	Series = {Applied Mathematical Sciences},
	Title = {Optimization, Algorithms and Consistent Approximations},
	Volume = {124},
	Year = {1997}}

@techreport{PironneauPolak2000,
	Author = {Olivier Pironneau and Elijah Polak},
	Institution = {University of California at Berkeley, Electronics Research Laboratory},
	Month = mar,
	Note = {To appear in SIAM Journal on Control and Optimization},
	Number = {UCB/ERL M00/14},
	Title = {Consistent Approximations and Approximate Functions and Gradients in Optimal Control},
	Year = {2000}}

@unpublished{PironneauPolak2001,
	Author = {Olivier Pironneau and Elijah Polak},
	Note = {To appear in SIAM Journal on Control and Optimization},
	Title = {Consistent Approximations and Approximate Functions and Gradients in Optimal Control},
	Year = {2001}}

@article{HePolak1993,
	Author = {L. He and E. Polak},
	Journal = {Journal of Global Optimization},
	Pages = {139--156},
	Title = {Multistart method with estimation scheme for global satisfycing problems},
	Volume = {3},
	Year = {1993}}

@article{MaynePolak1984:1,
	Author = {D. Q. Mayne and E. Polak},
	Journal = {Journal of Optimization Theory and Applications},
	Number = {4},
	Pages = {601--613},
	Title = {Nondifferentiable Optimization via Adaptive Smoothing},
	Volume = {43},
	Year = {1984}}

@article{GomezEtAl2003,
	Author = {Susana G\'omez and Nelson {del Castillo} and Longina Castellanos and Julio Solano},
	Doi = {doi:10.1016/S0167-8191(03)00020-6},
	Issn = {0167-8191},
	Journal = {Parallel Computing},
	Number = {4},
	Pages = {523--533},
	Publisher = {Elsevier Science Publishers B. V.},
	Title = {The parallel tunneling method},
	Volume = {29},
	Year = {2003}}

@book{Avriel1976,
	Address = {Englewood Cliffs, N.J.},
	Author = {Avriel, Mordecai},
	Mrclass = {90C30 (90-01)},
	Mrnumber = {58 #9264},
	Mrrevr = {R. N. Kaul},
	Pages = {xv+512},
	Publisher = {Prentice-Hall Inc.},
	Title = {Nonlinear programming},
	Year = {1976}}

@article{BellPik1966,
	Author = {M. Bell and M. C. Pike},
	Journal = {Comm. {ACM}},
	Month = sep,
	Pages = {685--686},
	Title = {Remark on algorithm 178},
	Volume = {9},
	Year = {1966}}

@article{Smith1969,
	Author = {Lyle B. Smith},
	Journal = {Comm. {ACM}},
	Month = nov,
	Pages = {638},
	Title = {Remark on algorithm 178},
	Volume = {12},
	Year = {1969}}

@book{DennisSch1983,
	Address = {Englewood Cliffs, N.J.},
	Author = {Dennis, Jr., John E. and Schnabel, Robert B.},
	Isbn = {0-13-627216-9},
	Mrclass = {65-01 (49D15 65H05 65K10 90C30)},
	Mrnumber = {85j:65001},
	Mrrevr = {M. Z. Nashed},
	Pages = {xiii+378},
	Publisher = {Prentice-Hall Inc.},
	Title = {Numerical methods for unconstrained optimization and nonlinear equations},
	Year = {1983}}

@article{FletcherRee1964,
	Author = {Fletcher, R. and Reeves, C. M.},
	Journal = {Comput. J.},
	Mrclass = {65.30},
	Mrnumber = {32 #4827},
	Mrrevr = {R. L. Graves},
	Pages = {149--154},
	Title = {Function minimization by conjugate gradients},
	Volume = {7},
	Year = {1964}}

@book{GillMurWri1981,
	Address = {London},
	Author = {Gill, Philip E. and Murray, Walter and Wright, Margaret H.},
	Isbn = {0-12-283950-1},
	Mrclass = {65K10 (65-01 65K05 90-01)},
	Mrnumber = {83d:65195},
	Mrrevr = {N. N. Abdelmalek},
	Pages = {xvi+401},
	Publisher = {Academic Press Inc. [Harcourt Brace Jovanovich Publishers]},
	Title = {Practical optimization},
	Year = {1981}}

@book{Bertsekas1999,
	Address = {Belmont, MA, USA},
	Author = {Dimitri P. Bertsekas},
	Edition = {2nd},
	Publisher = {Athena Scientific},
	Title = {Nonlinear Programming},
	Year = {1999}}

@article{HookeJee1961,
	Author = {R. Hooke and T. A. Jeeves},
	Journal = {Journal of the Association for Computing Machinery},
	Number = {2},
	Pages = {212--229},
	Title = {'{D}irect search' solution of numerical and statistical problems},
	Volume = {8},
	Year = 1961}

@misc{Hop1979,
	Author = {M. J. Hopper},
	Title = {Harwell subroutine library: a catalogue of subroutines, 2nd ed., Harwell, Oxfordshire, England},
	Year = {1979}}

@book{Karmanov1989,
	Address = {Moscow},
	Author = {Karmanov, V. G.},
	Isbn = {5-03-000533-1},
	Mrclass = {90Cxx (90-02)},
	Mrnumber = {90h:900},
	Pages = {304},
	Publisher = {``Mir''},
	Title = {Mathematical programming},
	Year = {1989}}

@article{Box1957,
	Author = {George E. P. Box},
	Journal = {Applied Statistics},
	Pages = {81--101},
	Title = {Evolutionary operation: A method for increasing industrial productivity},
	Volume = {6},
	Year = {1957}}

@article{ONeill1971,
	Author = {O'Neill, R.},
	Journal = {Appl. Stat. 20},
	Pages = {338--345},
	Title = {Algorithm {AS} 47 -- {F}unction minimization using a simplex procedure},
	Volume = {20},
	Year = {1971}}

@article{Lagarias1998,
	Author = {Jeffrey C. Lagarias and James A. Reeds and Margaret H. Wright and Paul E. Wright},
	Journal = {SIAM Journal on Optimization},
	Number = {1},
	Pages = {112--147},
	Title = {Convergence Properties of the {N}elder-{M}ead Simplex Method in Low Dimensions},
	Volume = {9},
	Year = {1998}}

@article{McKinnon1998,
	Author = {K. I. M. Mc{K}innon},
	Journal = {SIAM Journal on Optimization},
	Number = {1},
	Pages = {148--158},
	Title = {Convergence of the {N}elder-{M}ead Simplex Method to a Nonstationary Point},
	Volume = {9},
	Year = {1998}}

@book{PerSulUhl1988,
	Address = {New York},
	Author = {Peressini, Anthony L. and Sullivan, Francis E. and Uhl, Jr., J. J.},
	Isbn = {0-387-96614-5},
	Mrclass = {90Cxx (46N05)},
	Mrnumber = {89f:90080},
	Mrrevr = {Ferenc Forg{\'o}},
	Pages = {x+273},
	Publisher = {Springer-Verlag},
	Title = {The mathematics of nonlinear programming},
	Year = {1988}}

@article{Powell1964,
	Author = {M. J. D. Powell},
	Journal = {The computer journal},
	Month = jul,
	Number = {2},
	Pages = {155--162},
	Title = {An efficient method for finding the minimum of a function of several variables without calculating derivatives},
	Volume = {7},
	Year = {1964}}

@article{Powell1965,
	Author = {M. J. D. Powell},
	Journal = {The Computer Journal},
	Number = {4},
	Pages = {303--307},
	Title = {A method for minimizing a sum of squares of nonlinear functions without calculating derivatives},
	Volume = {7},
	Year = {1965}}

@article{Powell1998:1,
	Author = {M. J. D. Powell},
	Journal = {Acta Numerica},
	Pages = {287--336},
	Title = {Direct search algorithms for optimization calculations},
	Volume = {7},
	Year = {1998}}

@incollection{Wright1996,
	Author = {M. H. Wright},
	Booktitle = {Numerical Analysis 1995},
	Editor = {D. F. Griffiths and G. A. Watson},
	Pages = {191--208},
	Publisher = {Addison Wesley Longman (Harlow)},
	Title = {Direct search methods: once scorned, now respectable},
	Year = {1996}}

@book{Schwefel1994,
	Author = {Schwefel, Hans Paul},
	Publisher = {John Wiley \& Sons, Inc.},
	Title = {Evolution and optimum seeking},
	Year = {1994}}

@book{Walsh1975,
	Address = {London},
	Author = {Walsh, G. R.},
	Mrclass = {65K05},
	Mrnumber = {53 #9650},
	Mrrevr = {J. S. Kowalik},
	Pages = {x+200},
	Publisher = {Wiley-Interscience [John Wiley \& Sons]},
	Title = {Methods of optimization},
	Year = {1975}}

@book{Wilde1964,
	Address = {USA},
	Author = {D. J. Wilde},
	Publisher = {Prentice-Hall},
	Title = {Optimum seeking methods},
	Year = {1964}}

@article{Davis1954,
	Author = {Chandler Davis},
	Journal = {American Journal of Mathematics},
	Month = oct,
	Number = {4},
	Pages = {733--746},
	Title = {Theory of Positive Linear Dependence},
	Volume = {76},
	Year = {1954}}

@book{Fan73,
	Author = {Ole P. Fanger},
	Publisher = {McGraw Hill},
	Title = {Thermal Comfort},
	Year = {1973}}

@book{ASF77,
	Author = {ASHRAE},
	Publisher = {American Society of Heating, Refrigeration and Air-Conditioning Engineers},
	Title = {Fundamentals},
	Year = {1977}}

@book{ASF89,
	Author = {ASHRAE},
	Publisher = {American Society of Heating, Refrigeration and Air-Conditioning Engineers},
	Title = {Fundamentals},
	Year = {1989}}

@book{ASF97,
	Author = {ASHRAE},
	Publisher = {American Society of Heating, Refrigeration and Air-Conditioning Engineers},
	Title = {Fundamentals},
	Year = {1997}}

@book{Rab85,
	Author = {Ari Rabl},
	Publisher = {Oxford University Press},
	Title = {Active Solar Collectors and Their Applications},
	Year = {1985}}

@book{KreRab94,
	Author = {Jan F. Kreider and Ari Rabl},
	Publisher = {McGraw-Hill, Inc.},
	Title = {Heating and Cooling of Buildings -- Design for Efficiency},
	Year = {1994}}

@misc{ASHRAE140-2001,
	Author = {ASHRAE},
	Title = {{ANSI/ASHRAE} {S}tandard 140-2001, {S}tandard Method of Test for the Evaluation of Building Energy Analysis Computer Programs},
	Year = {2001}}

@misc{ASS92,
	Author = {ASHRAE},
	Publisher = {American Society of Heating, Refrigeration and Air-Conditioning Engineers},
	Title = {Standard 55-1992, {T}hermal Environmental Conditions for Human Occupancy},
	Year = {1992}}

@manual{TMY1981,
	Address = {Asheville, North Carolina},
	Key = {NCDC},
	Month = may,
	Organization = {National Climatic Data Center},
	Title = {Typical Meteorological Year},
	Year = {1981}}

@manual{MarUrb1995,
	Address = {Golden, Co., USA},
	Author = {William Marion and Ken Urban},
	Month = jun,
	Organization = {National Renewable Energy Laboratory, {NREL}},
	Title = {User's Manual for {TMY2}s Typical Meteorological Years},
	Year = {1995}}

@inproceedings{Furler1991,
	Author = {R. A. Furler},
	Booktitle = {{ASHRAE} Transactions},
	Month = jun,
	Number = {2},
	Organization = {ASHRAE},
	Pages = {1129--1137},
	Title = {Angular Dependence of Optical Properties of Homogeneous Glasses},
	Volume = {97},
	Year = {1991}}

@techreport{Rubinstein1999,
	Address = {Lighting Research Group, Berkeley, CA},
	Author = {Francis Rubinstein},
	Institution = {Lawrence Berkeley National Laboratory},
	Month = feb,
	Number = {2},
	Title = {Dimming Characteristics of Three Controllable Ballasts},
	Type = {Lighting Controls Technical Note},
	Year = {1999}}

@article{HarveyClear1981,
	Author = {Harvey J. Bryan and Robert D. Clear},
	Journal = {Journal of the Illuminating Engineering Society},
	Number = {4},
	Pages = {219--227},
	Title = {Calculating Interior Daylight Illumination with a Programmable Hand Calculator},
	Volume = {10},
	Year = {1981}}

@article{Perez1987,
	Author = {Richard Perez and Robert Seals and Pierre Ineichen and Ronald Stewart and David Menicucci},
	Journal = {Solar Energy},
	Number = {3},
	Pages = {221--231},
	Title = {A new simplified version of the {P}erez diffuse irradiance model for tilted surfaces},
	Volume = {39},
	Year = {1987}}

@article{InePerSea1987,
	Author = {Pierre Ineichen and Richard Perez and Robert Seals},
	Journal = {Solar Energy},
	Number = {4},
	Pages = {301--305},
	Title = {The importance of correct albedo determination for adequately modeling energy received by tilted surfaces},
	Volume = {39},
	Year = {1987}}

@article{Perez1990,
	Author = {Richard Perez and Pierre Ineichen and Robert Seals and Joseph Michalsky and Ronald Stewart},
	Journal = {Solar Energy},
	Number = {5},
	Pages = {271--289},
	Title = {Modeling daylight availability and irradiance components from direct and global irradiance},
	Volume = {44},
	Year = {1990}}

@misc{Perez1999,
	Author = {Richard Perez},
	Howpublished = {Emailed by R. Perez to F. C. Winkelmann on May 21, 1999},
	Title = {Fortran function \texttt{irrpz.f}},
	Year = {1999}}

@techreport{Vartiainen2000,
	Address = {Dept. of Engineering Physics and Mathematics},
	Author = {Eero Vartiainen},
	Institution = {Helsinki University of Technology, Finland},
	Month = jun,
	Number = {TKK-F-A799},
	Title = {Daylight modelling with the simulation tool {DeLight}},
	Year = {2000}}

@article{McClellan1997,
	Author = {Todd M. McClellan and Curtis O. Pedersen},
	Journal = {ASHRAE Transactions},
	Number = {2},
	Pages = {469--484},
	Title = {Investigation of Outside Heat Balance Models for Use in a Heat Balance Cooling Load Calculation Procedure},
	Volume = {103},
	Year = {1997}}

@inproceedings{ClarkAllen1978,
	Author = {Gene Clark and Chester Allen},
	Booktitle = {Proceedings of the 2nd National Passive Solar Conference},
	Organization = {ISES/AS},
	Pages = {675--678},
	Title = {The Estimation of Atmospheric Radiation for Clear and Cloudy Sky},
	Year = {1978}}

@article{MartinBerdahl1984,
	Author = {Marlo Martin and Paul Berdahl},
	Journal = {Solar Energy},
	Pages = {321--336},
	Title = {Characteristics of Infrared Sky Radiation in the {U}nited {S}tates},
	Volume = {33},
	Year = {1984}}

@article{BerdahlMartin1984,
	Author = {Paul Berdahl and Marlo Martin},
	Journal = {Solar Energy},
	Pages = {663--664},
	Title = {Emissivity of Clear Skies},
	Volume = {32},
	Year = {1984}}

@article{BaumRushmeierWinget1989,
	Author = {Danial R. Baum and Holly E. Rushmeier and James M. Winget},
	Journal = {Computer Graphics},
	Month = jul,
	Number = {3},
	Pages = {325--334},
	Title = {Improving Radiosity Solutions Through the Use of Analytically Determined Form-Factors},
	Volume = {23},
	Year = {1989}}

@article{DurandDrettakisPuech1999,
	Author = {Fr\'{e}do Durand and George Drettakis and Claude Puech},
	Doi = {doi:10.1145/318009.318012},
	Issn = {0730-0301},
	Journal = {ACM Transactions on Graphics (TOG)},
	Number = {2},
	Pages = {128--170},
	Publisher = {ACM Press},
	Title = {Fast and accurate hierarchical radiosity using global visibility},
	Volume = {18},
	Year = {1999}}

@article{BerdahlFromberg1982,
	Author = {Paul Berdahl and Richard Fromberg},
	Journal = {Solar Energy},
	Pages = {299--314},
	Title = {The Thermal Radiance of Clear Skies},
	Volume = {29},
	Year = {1982}}

@techreport{WaltonPasSol1981,
	Address = {Champaign, IL, USA},
	Author = {George Walton},
	Institution = {United States Army Construction Engineering Research Laboratory},
	Title = {Passive Solar Extension of the Building Loads Analysis and System Thermodynamics ({BLAST}) Program},
	Year = {1981}}

@techreport{HuangFranconi1999,
	Author = {Joe Huang and Ellen Franconi},
	Institution = {Lawrence Berkeley National Laboratory, {EETD}},
	Month = nov,
	Number = {LBL-37208},
	Title = {Commercial Heating and Cooling Loads Component Analysis},
	Year = {1999}}

@misc{Carroll2003:1,
	Author = {William L. Carroll},
	Howpublished = {Personal communication},
	Month = sep,
	Year = 2003}

@techreport{Laforgue1997,
	Author = {Pierre Laforgue},
	Institution = {International Energy Agency},
	Month = oct,
	Number = {T21/C1/97-10},
	Title = {{IEA} {SHC} {T}ask 21/{ECBCS} {A}nnex 29, {D}aylight in Buildings, {S}ubtask {C1}: Draft report of {G}enelux simulations and other software results},
	Year = {1997}}

@techreport{FontoynontEtAl1999,
	Author = {M. Fontoynont and P. Laforgue and R. Mitanchey and M. Aizlewood and J. Butt and W. Carroll and R. Hitchcock and H. Erhorn and J. De Boer and M. Dirksm\"{o}ller and L. Michel and B. Paule and J. L. Scartezzini and M. Bodart and G. Roy},
	Institution = {International Energy Agency},
	Month = nov,
	Number = {T21/C1-/FRA/99-11},
	Title = {{IEA} {SHC} {T}ask 21/{ECBCS} {A}nnex 29, {D}aylight in Buildings, {S}ubtask {C1}: {V}alidation of daylighting simulation programmes},
	Year = {1999}}

@book{Ozisik1993,
	Author = {M. Necati \"{O}zi\c{s}ik},
	Publisher = {John Wiley \& Sons, Inc.},
	Title = {Heat Conduction},
	Year = {1993}}

@book{Modest1993,
	Author = {Michael F. Modest},
	Publisher = {McGraw-Hill, Inc.},
	Title = {Radiative Heat Transfer},
	Year = {1993}}

@book{Sellers1965,
	Author = {William D. Sellers},
	Publisher = {The University of Chicago Press},
	Title = {Physical Climatology},
	Year = {1965}}

@techreport{HVACToolKitBeta2000,
	Author = {unspecified},
	Institution = {Building Systems Laboratory, University of Illinois at Urbana-Champaign, USA},
	Title = {{ASHRAE} {HVAC} Loads Toolkit -- $\beta$ 3d},
	Year = {2000}}

@book{Moon1936,
	Author = {Parry Moon},
	Edition = {1},
	Publisher = {McGraw-Hill},
	Title = {The Scientific Basis of Illuminating Engineering},
	Year = {1936}}

@book{HottelSarofim1967,
	Author = {Hoyt C. Hottel and Adel F. Sarofim},
	Publisher = {McGraw-Hill},
	Title = {Radiative Transfer},
	Year = {1967}}

@book{KaysCrawford1993,
	Author = {William M. Kays and Michael E. Crawford},
	Edition = {3rd},
	Publisher = {McGraw-Hill},
	Series = {Mechanical Engineering Series},
	Title = {Convective Heat and Mass Transfer},
	Year = {1993}}

@book{Holman1997,
	Author = {Jack Philip Holman},
	Edition = {8},
	Publisher = {McGraw-Hill},
	Title = {Heat Transfer},
	Year = {1997}}

@techreport{XuHaves2001:1,
	Author = {Peng Xu and Philip Haves},
	Institution = {LBNL},
	Title = {Library of component reference models for fault detection ({AHU} and chiller), Report to {C}alifornia {E}nergy {C}ommission},
	Year = {2001}}

@book{Clarke2001:1,
	Address = {Oxford, UK},
	Author = {Joe A. Clarke},
	Edition = {2nd},
	Publisher = {Butterworth-Heinemann},
	Title = {Energy Simulation in Building Design},
	Year = {2001}}

@manual{SIAV382_2,
	Address = {Z\"urich, Switzerland},
	Author = {{SIA}, Schweizerischer Ingenieur- und Architektenverband},
	Organization = {{S}chweizerischer {I}ngenieur- und {A}rchitektenverband},
	Title = {{SIA} V382/2, {K}\"uhlleistungsbedarf von {G}eb\"auden}}

@manual{FilleuxEtAl1994,
	Author = {Charles Filleux and Stefan Krummenacher and Dario Aiulfi and Pierre Chuard},
	Edition = FIRST,
	Organization = {Schweizerisches Bundesamt f\"ur Energiewirtschaft {(BEW)} und Verband Schweizerischer Heizungs- und L\"uftungsfirmen {(VSHL)}},
	Title = {Zeitgem\"asse L\"uftungssysteme},
	Year = {1994}}

@techreport{ImpHT1986,
	Address = {Bern},
	Author = {{Impulsprogram Haustechnik}},
	Institution = {Schweizerisches Bundesamt f\"ur Konjunkturfragen},
	Title = {Steuern und Regeln in der Heizungs- und L\"uftungstechnik},
	Year = {1986}}

@book{SlotineLi1991,
	Author = {Jean-Jacques E. Slotine and Weiping Li},
	Publisher = {Prentice Hall},
	Title = {Applied Nonlinear Control},
	Year = {1991}}

@article{HedrickYip2000,
	Author = {J. K. Hedrick and P. P. Yip},
	Journal = {ASME Transactions, Journal of Dynamic Systems, Measurement, and Control},
	Month = dec,
	Pages = {586--593},
	Title = {Multiple Sliding Surface Control: Theory and Application},
	Volume = {122},
	Year = {2000}}

@book{AllgowerZheng2000,
	Editor = {Frank Allg\"{o}wer and Alex Zheng},
	Publisher = {Birkh\"{a}user},
	Series = {Progress in systems and control theory},
	Title = {Nonlinear Model Predictive Control},
	Volume = {26},
	Year = {2000}}

@book{CamachoBordons1999,
	Author = {E. F. Camacho and C. Bordons},
	Publisher = {Springer},
	Title = {Model Predictive Control},
	Year = {1999}}

@article{QinBadgwell2003,
	Author = {S. J. Qin and T. A. Badgwell},
	Journal = {Control Engineering Practice},
	Title = {A survey of industrial model predictive control technology},
	Volume = {In press},
	Year = {2003}}

@article{MayneEtAl2000,
	Author = {D. Q. Mayne and J. B. Rawlings and C. V. Rao and P. O. M. Scokaert},
	Journal = {Automatica},
	Pages = {789--814},
	Title = {Constrained model predictive control: Stability and optimality},
	Volume = {36},
	Year = {2000}}

@techreport{BTSCoreData1999,
	Author = {Jordan Kelso and Bruce Kinzey},
	Institution = {U.S. Dept. of Energy, Office of Energy Efficiency and Renewable Energy},
	Month = jun,
	Title = {{BTS} {C}ore {D}atabook},
	Year = {1999}}

@manual{DOEAnnEneRev2001,
	Key = {DOE Annual Energy Review},
	Number = {DOE/EIA-0384},
	Organization = {Energy Information Administration of the U.S. Dept. of Energy},
	Title = {Annual Energy Review},
	Year = {2001}}

@manual{DOEAnnEneRev2002,
	Key = {DOE Annual Energy Review},
	Number = {DOE/EIA-0384},
	Organization = {Energy Information Administration of the U.S. Dept. of Energy},
	Title = {Annual Energy Review},
	Year = {2002}}

@misc{AUSConsultants2001,
	Address = {Moorestown, NJ},
	Author = {AUS Consultants},
	Month = may,
	Title = {Impact of a continuing electricity crisis on the California economy},
	Year = {2001}}

@misc{NationalEnergyPolicy2001,
	Author = {National Energy Policy Development Group},
	Institution = {U.S. White House},
	Month = may,
	Number = {ISBN 0-16-050814-2},
	Title = {National Energy Policy},
	Year = {2001}}

@techreport{StepanovLee1995:1,
	Address = {Palo Alto, CA, USA},
	Author = {Alexander Stepanov and Meng Lee},
	Institution = {Hewlett-Packard},
	Month = oct,
	Title = {The Standard Template Library},
	Year = {1995}}

@book{MusserDergeSaini2001,
	Author = {David R. Musser and Gilmer J. Derge and Atul Saini},
	Edition = {2nd},
	Isbn = {0-201-37923-6},
	Publisher = {Addison-Wesley},
	Title = {{STL} tutorial and reference guide: C++ programming with the standard template library},
	Year = {2001}}

@book{Stroustrop1985:1,
	Author = {Bjarne Stroustrup},
	Isbn = {0-201-12078-X},
	Publisher = {Addison Wesley},
	Title = {The {C++} Programming Language},
	Year = {1985}}

@book{Stroustrop2000:1,
	Author = {Bjarne Stroustrup},
	Isbn = {0-201-70073-5},
	Publisher = {Addison Wesley},
	Title = {The {C++} Programming Language},
	Year = {2000}}

@inbook{TienMajumdarGerner1997:1,
	Chapter = {Microscale Energy Transport in Solids},
	Editor = {Chang-Lin Tien and Arunava Majumdar and Frank M. Gerner},
	Publisher = {Taylor \& Francis},
	Title = {Microscale Energy Transport},
	Year = {1997}}

@book{TienLienhard1985,
	Author = {Chang L. Tien and John H. Lienhard},
	Publisher = {Hemisphere Publishing Corporation},
	Title = {Statistical Thermodynamics},
	Year = {1985}}

@techreport{DolsWalton2002,
	Author = {W. Stuart Dols and George N. Walton},
	Institution = {National Institute of Standards and Technology},
	Month = nov,
	Number = {NISTIR 6921},
	Title = {{CONTAM} 2.0 User Manual, Multizone Airflow and Contaminant Transport Analysis Software},
	Year = {2002}}

@techreport{Feustel1998,
	Address = {Berkeley, CA, USA},
	Author = {Helmut E. Feustel},
	Institution = {Lawrence Berkeley National Laboratory},
	Month = aug,
	Number = {LBNL-42182},
	Title = {{COMIS} - An International Multizone Air-Flow and Contaminant Transport Model},
	Year = 1998}

@article{vanDerMassRouletHertig1989,
	Author = {J. van der Mass and C. A. Roulet and J. A. Hertig},
	Journal = {ASHRAE Transactions},
	Number = {2},
	Pages = {573--583},
	Title = {Some Aspects of Gravity Driven Air Flow through Large Apertures in Buildings},
	Volume = {95},
	Year = {1989}}

@inproceedings{KielWilson1986,
	Address = {Stratford on Avon, UK},
	Author = {D. E. Kiel and D. J. Wilson},
	Booktitle = {7th {AIVC} Conference},
	Month = sep,
	Organization = {Air Infiltration and Ventilation Centre},
	Title = {Gravity driven flows through open doors},
	Year = {1986}}

@article{Mahajan1987,
	Author = {B. M. Mahajan},
	Journal = {Solar Energy},
	Pages = {437--446},
	Title = {Measurement of Interzonal Heat and Mass Transfer by Natural Convection},
	Volume = {38},
	Year = {1987}}

@inproceedings{MahajaHill1986,
	Address = {Anaheim, CA},
	Author = {B. M. Mahajan and D. D. Hill},
	Booktitle = {{ASME} Winter Annual Meeting},
	Organization = {American Society of Mechanical Engineers},
	Title = {Interzonal natural convection for various aperture configurations},
	Year = {1986}}

@techreport{Riffat1988,
	Author = {S. B. Riffat},
	Institution = {Research in Building Group, Polytechnic Central London},
	Month = jan,
	Number = {AIVC 2454},
	Title = {A study of heat and mass transfer through a doorway in a conventional house},
	Year = {1988}}

@article{Walton1989,
	Author = {George N. Walton},
	Journal = {ASHRAE Transactions},
	Number = {2},
	Pages = {611--620},
	Title = {Airflow network models for element based building airflow modeling},
	Volume = {95},
	Year = {1989}}

@article{Sahlin2003,
	Author = {Per Sahlin},
	Journal = {ASHRAE Transaction},
	Number = {2},
	Organization = {ASHRAE},
	Pages = {788--800},
	Title = {On the Effects of Decoupling Airflow and Heat Balance in Building Simulation Models},
	Volume = {109},
	Year = {2003}}

@article{FeustelDieris1992,
	Author = {Helmut E. Feustel and Juergen Dieris},
	Journal = {Energy and Buildings},
	Pages = {79--100},
	Title = {A survey of airflow models for multizone structures},
	Volume = {18},
	Year = {1992}}

@inproceedings{HuangEtAl1999,
	Address = {Kyoto, Japan},
	Author = {Joe Huang and Frederick C. Winkelmann and Frederick F. Buhl and Curtis O. Pedersen and Daniel E. Fisher and Richard J. Liesen and Russell D. Taylor and Richard K. Strand and Drury B. Crawley and Linda K. Lawrie},
	Booktitle = {Proc. of the 6-th IBPSA Conference},
	Month = sep,
	Pages = {1065--1070},
	Title = {Linking the {COMIS} Multi-Zone Airflow Model with the {EnergyPlus} Building Energy Simulation Program},
	Volume = {II},
	Year = {1999}}

@techreport{Lorenzetti2001,
	Address = {Berkeley, CA, USA},
	Author = {David M. Lorenzetti},
	Institution = {Lawrence Berkeley National Laboratory},
	Month = dec,
	Number = {LBNL-47653},
	Title = {Assessing Multizone Airflow Software},
	Year = {2001}}

@inproceedings{BringSahlin1993,
	Address = {Adelaide, Australia},
	Author = {Axel Bring and Per Sahlin},
	Booktitle = {Proc. of the 3-rd IBPSA Conference},
	Month = aug,
	Pages = {463--469},
	Title = {Modelling Air Flows and Buildings with {NMF} and {IDA}},
	Year = {1993}}

@inproceedings{HensenVanDerMaasRoos1993,
	Address = {Adelaide, Australia},
	Author = {J. L. M. Hensen and J. van der Maas and A. Roos},
	Booktitle = {Proc. of the 3-rd IBPSA Conference},
	Month = aug,
	Pages = {479--485},
	Title = {Air and Heat Flow through Large Vertical Openings},
	Year = {1993}}

@article{AxleyEmmerichWalton2002,
	Author = {James W. Axley and Steven J. Emmerich and George N. Walton},
	Journal = {ASHRAE Transaction},
	Number = {2},
	Organization = {ASHRAE},
	Pages = {1--16},
	Title = {Modeling the Performance of a Naturally Ventilated Commercial Building With a Multizone Coupled Thermal/Airflow Simulation Tool},
	Volume = {108},
	Year = {2002}}

@article{McDowellEmmerichThorntonWalton2003,
	Author = {Timothy P. McDowell and Steven Emmerich and Jeff W. Thornton and George N. Walton},
	Journal = {ASHRAE Transaction},
	Number = {1},
	Organization = {ASHRAE},
	Pages = {1--14},
	Title = {Integration of Airflow and Energy Simulation using CONTAM and TRNSYS},
	Volume = {109},
	Year = {2003}}

@inproceedings{WeberEtAl2001,
	Address = {Rio de Janeiro, Brazil},
	Author = {Andreas Weber and Markus Koschenz and Viktor Dorer and Marion Hiller and Stefan Holst},
	Booktitle = {Proc. of the 7-th IBPSA Conference},
	Editor = {R. Lamberts and C. O. R. Negr{\~{a}}o and J. Hensen},
	Month = aug,
	Pages = {1363--1368},
	Title = {{TRNFLOW}, a new tool for the modeling of heat, air and pollutant transport in buildings within {TRNSYS}},
	Volume = {III},
	Year = {2001}}

@inproceedings{FritzsonEtAl2002:1,
	Address = {Oberpfaffenhofen, Germany},
	Author = {Peter Fritzson and Johan Gunnarsson and Mats Jirstrand},
	Booktitle = {Proceedings of the 2nd Modelica conference},
	Editor = {Martin Otter},
	Month = mar,
	Organization = {Modelica Association and Deutsches Zentrum fur Luft- und Raumfahrt},
	Pages = {41--54},
	Title = {{MathModelica} -- An Extensible Modeling and Simulation Environment with Integrated Graphics and Literate Programming},
	Url = {http://www.modelica.org/events/Conference2002},
	Year = {2002}}

@article{FritzsonEngelson1998,
	Author = {Peter Fritzson and Vadim Engelson},
	Journal = {Lecture Notes in Computer Science},
	Title = {Modelica -- {A} Unified Object-Oriented Language for System Modeling and Simulation},
	Url = {http://citeseer.ist.psu.edu/fritzson98modelica.html},
	Volume = {1445},
	Year = {1998}}

@book{Fritzson2004:1,
	Author = {Peter Fritzson},
	Publisher = {John Wiley \& Sons},
	Title = {Principles of Object-Oriented Modeling and Simulation with Modelica 2.1},
	Year = {2004}}

@inproceedings{SahlinGrozman2003,
	Address = {Link\"oping, Sweden},
	Author = {Per Sahlin and Pavel Grozman},
	Booktitle = {Proceedings of the 3rd Modelica conference},
	Date-Modified = {2007-05-24 16:34:41 -0400},
	Editor = {Peter Fritzson},
	Month = nov,
	Organization = {Modelica Association and Institutionen f\"or datavetenskap, Link\"opings universitet},
	Pages = {105--114},
	Title = {{IDA} Simulation Environment -- a tool for {Modelica} based end-user application development},
	Url = {http://www.modelica.org/events/Conference2003/papers/h33_Sahlin.pdf},
	Year = {2003}}

@inproceedings{ElmqvistTummescheitOtter2003,
	Address = {Link\"oping, Sweden},
	Author = {Hilding Elmqvist and Hubertus Tummescheit and Martin Otter},
	Booktitle = {Proceedings of the 3rd Modelica conference},
	Editor = {Peter Fritzson},
	Month = nov,
	Organization = {Modelica Association and Institutionen f\"or datavetenskap, Link\"opings universitet},
	Pages = {269--286},
	Title = {Object-Oriented Modeling of Thermo-Fluid Systems},
	Url = {http://www.modelica.org/events/Conference2003/papers/h40_Elmqvist_fluid.pdf},
	Year = {2003}}

@inproceedings{Holmgren2003,
	Address = {Link\"oping, Sweden},
	Author = {Magnus Holmgren},
	Booktitle = {Proceedings of the 3rd Modelica conference},
	Editor = {Peter Fritzson},
	Month = nov,
	Organization = {Modelica Association and Institutionen f\"or datavetenskap, Link\"opings universitet},
	Pages = {353--358},
	Title = {Process simulation in industrial projects},
	Url = {http://www.modelica.org/events/Conference2003/papers/h13_Holmgren.pdf},
	Year = {2003}}

@manual{ModelicaSpecification2005,
	Key = {Modelica Association},
	Month = feb,
	Organization = {Modelica Association},
	Title = {Modelica -- A Unified Object-Oriented Language for Physical Systems Modeling, Language Specification, Version 2.2},
	Url = {http://www.modelica.org/documents/ModelicaSpec22.pdf},
	Year = {2005}}

@inproceedings{FelgnerAgustinaEtAl2002,
	Address = {Oberpfaffenhofen, Germany},
	Author = {F. Felgner and S. Agustina and R. Cladera Bohigas and R. Merz and L. Litz},
	Booktitle = {Proceedings of the 2nd Modelica conference},
	Editor = {Martin Otter},
	Month = mar,
	Organization = {Modelica Association and Deutsches Zentrum fur Luft- und Raumfahrt},
	Pages = {147--154},
	Title = {Simulation of Thermal Building Behaviour in Modelica},
	Url = {http://www.modelica.org/events/Conference2002},
	Year = {2002}}

@inproceedings{NajafiEtAl2005:1,
	Address = {Hamburg, Germany},
	Author = {M. Najafi and S. Furic and R. Nikoukhah},
	Booktitle = {Proceedings of the 4th Modelica conference},
	Editor = {Gerhard Schmitz},
	Month = mar,
	Organization = {Modelica Association and Hamburg University of Technology},
	Title = {{SCICOS:} a general purpose modeling and simulation environment},
	Url = {http://www.modelica.org/events/Conference2005/online_proceedings/Session4/Session4c2.pdf},
	Year = {2005}}

@inproceedings{HohHaaseEtLa2005,
	Address = {Hamburg, Germany},
	Author = {Alexander Hoh and Timo Haase and Thomas Tschirner and Dirk M\"uller},
	Booktitle = {Proceedings of the 4th Modelica conference},
	Editor = {Gerhard Schmitz},
	Month = mar,
	Note = {unpublished},
	Organization = {Modelica Association and Hamburg University of Technology},
	Title = {A combined thermo-hydraulic approach to simulation of active building components applying Modelica},
	Url = {http://www.modelica.org/events/Conference2005},
	Year = {2005}}

@phdthesis{Merz2002:1,
	Author = {Rolf Mathias Merz},
	Month = sep,
	School = {Universit\"at Kaiserslautern},
	Title = {Objektorientierte Modellierung thermischen Geb\"audeverhaltens},
	Year = {2002}}

@inproceedings{BhattacharyaEtAl2006,
	Address = {Vienna, Austria},
	Author = {Partha Bhattacharya and Nick-Ange Suyam Welakwe and Ranga Makanaboyina and Adithya Chimalakonda},
	Booktitle = {Proc. of the 5-th International Modelica Conference},
	Editor = {Christian Kral and Anton Haumer},
	Month = sep,
	Organization = {Modelica Association and Arsenal Research},
	Pages = {671--675},
	Title = {Integration of {CATIA} with {Modelica}},
	Url = {http://www.modelica.org/events/modelica2006/Proceedings/sessions/Session6c1.pdf},
	Volume = {2},
	Year = {2006}}

@inproceedings{NajafiNikoukhah2006:1,
	Address = {Vienna, Austria},
	Author = {Masoud Najafi and Ramine Nikoukhah},
	Booktitle = {Proc. of the 5-th International Modelica Conference},
	Editor = {Christian Kral and Anton Haumer},
	Month = sep,
	Organization = {Modelica Association and Arsenal Research},
	Pages = {177--185},
	Title = {Modeling and simulation of differential equations in {Scicos}},
	Url = {http://www.modelica.org/events/modelica2006/Proceedings/sessions/Session2c1.pdf},
	Volume = {1},
	Year = {2006}}

@inproceedings{FrankeDoppelhamer2006,
	Address = {Vienna, Austria},
	Author = {R\"udiger Franke and Jens Doppelhamer},
	Booktitle = {Proc. of the 5-th International Modelica Conference},
	Editor = {Christian Kral and Anton Haumer},
	Month = sep,
	Organization = {Modelica Association and Arsenal Research},
	Pages = {293--302},
	Title = {Online Application of Modelica Models in the Industrial {IT} Extended Automation System {800xA}},
	Url = {http://www.modelica.org/events/modelica2006/Proceedings/sessions/Session3c2.pdf},
	Volume = {1},
	Year = {2006}}

@inproceedings{NytschEtAl2006:1,
	Address = {Vienna, Austria},
	Author = {Christoph Nytsch-Geusen and Thilo Ernst and Andr\'e Nordwig and Peter Schwarz and Peter Schneider and Matthias Vetter and Christof Wittwer and Andreas Holm and Thierry Nouidui and J\"urgen Leopold and Gerhard Schmidt and Alexander Mattes},
	Booktitle = {Proc. of the 5-th International Modelica Conference},
	Editor = {Christian Kral and Anton Haumer},
	Month = sep,
	Organization = {Modelica Association and Arsenal Research},
	Pages = {63--71},
	Title = {Advanced Modeling and Simulation Techniques in {MOSILAB}: {A} System Development Case Study},
	Url = {http://www.modelica.org/events/modelica2006/Proceedings/sessions/Session1c2.pdf},
	Volume = {1},
	Year = {2006}}

@inproceedings{CasellaEtAl2006:1,
	Address = {Vienna, Austria},
	Author = {Francesco Casella and Martin Otter and Katrin Proelss and Christoph Richter and Hubertus Tummescheit},
	Booktitle = {Proc. of the 5-th International Modelica Conference},
	Editor = {Christian Kral and Anton Haumer},
	Month = sep,
	Organization = {Modelica Association and Arsenal Research},
	Pages = {631--640},
	Title = {The {Modelica Fluid} and {Media} Library for Modeling of Incompressible and Compressible Thermo-Fluid Pipe Networks},
	Url = {http://www.modelica.org/events/modelica2006/Proceedings/sessions/Session6b1.pdf},
	Volume = {2},
	Year = {2006}}

@inproceedings{ZhouEtAl2006:1,
	Address = {Vienna, Austria},
	Author = {Fan-Li Zhou and Li-Ping Chen and Yi-Zhong Wu and Jian-Wan Ding and Jian-Jun Zhao and Yun-Qing Zhang},
	Booktitle = {Proc. of the 5-th International Modelica Conference},
	Editor = {Christian Kral and Anton Haumer},
	Month = sep,
	Organization = {Modelica Association and Arsenal Research},
	Pages = {725--731},
	Title = {{MWorks}: a Modern {IDE} for Modeling and Simulation of Multi-domain Physical Systems Based on {Modelica}},
	Url = {http://www.modelica.org/events/modelica2006/Proceedings/sessions/Session6d3.pdf},
	Volume = {2},
	Year = {2006}}

@inproceedings{NytschNouiduiEtAl2005,
	Address = {Montreal, Canada},
	Author = {Christoph Nytsch-Geusen and Thierry Nouidui and Andreas Holm and and Wolfram Haupt},
	Booktitle = {Proceedings of the Ninth International IBPSA Conference},
	Editor = {Ian Beausoleil-Morrison and Michel Bernier},
	Month = aug,
	Organization = {International Building Performance Simulation Association and Ecole Polytechnique de Montreal},
	Pages = {867--876},
	Title = {A hygrothermal building model based on the object-oriented modeling language Modelica},
	Volume = {1},
	Year = {2005}}

@inproceedings{NytschErnstEtAl2005:1,
	Address = {Hamburg, Germany},
	Author = {Christoph Nytsch-Geusen and T. Ernst and A. Nordwig and P. Schneider and P. Schwarz and M. Vetter and C. Wittwer and A. Holm and T. Nouidui and J. Leopold and G. Schmidt and U. Doll and A. Mattes},
	Booktitle = {Proceedings of the 4th Modelica conference},
	Editor = {Gerhard Schmitz},
	Month = mar,
	Organization = {Modelica Association and Hamburg University of Technology},
	Pages = {527--535},
	Title = {{MOSILAB}: Development of a Modelica based generic simulation tool supporting model structural dynamics},
	Url = {http://www.modelica.org/events/Conference2005},
	Year = {2005}}

@inproceedings{MattsonElmqvist1997:1,
	Address = {Gent, Belgium},
	Author = {Sven Erik Mattson and Hilding Elmqvist},
	Booktitle = {7th IFAC Symposium on Computer Aided Control Systems Design},
	Editor = {L. Boullart and M. Loccufier and Sven Erik Mattsson},
	Month = apr,
	Title = {Modelica -- {An} international effort to design the next generation modeling language},
	Url = {http://www.modelica.org/publications/papers/CACSD97Modelica.pdf},
	Year = {1997}}

@inproceedings{BruckElmqvistEtAl2002,
	Address = {Oberpfaffenhofen, Germany},
	Author = {Dag Br\"uck and Hilding Elmqvist and Sven Erik Mattsson and Hans Olsson},
	Booktitle = {Proceedings of the 2nd Modelica conference},
	Editor = {Martin Otter},
	Month = mar,
	Organization = {Modelica Association and Deutsches Zentrum fur Luft- und Raumfahrt},
	Pages = {55-1 -- 55-8},
	Title = {Dymola for Multi-Engineering Modeling and Simulation},
	Url = {http://www.modelica.org/events/Conference2002},
	Year = {2002}}

@inproceedings{ElmqvistEtAl2005:1,
	Address = {Hamburg, Germany},
	Author = {H. Elmqvist and H. Olsson and S.E. Mattsson and D. Br\"uck and C. Schweiger and D. Joos and M. Otter},
	Booktitle = {Proceedings of the 4th Modelica conference},
	Editor = {Gerhard Schmitz},
	Month = mar,
	Organization = {Modelica Association and Hamburg University of Technology},
	Pages = {255-266},
	Title = {Optimization for Design and Parameter Estimation},
	Url = {http://www.modelica.org/events/Conference2005},
	Year = {2005}}

@inproceedings{LooyeThummelEtAl2005,
	Address = {Hamburg, Germany},
	Author = {Gertjan Looye and Michael Th\"ummel and Matthias Kurze and Martin Otter and Johann Bals},
	Booktitle = {Proceedings of the 4th Modelica conference},
	Editor = {Gerhard Schmitz},
	Month = mar,
	Organization = {Modelica Association and Hamburg University of Technology},
	Pages = {267--279},
	Title = {Nonlinear Inverse Models for Control},
	Url = {http://www.modelica.org/events/Conference2005},
	Year = {2005}}

@inproceedings{MattssonEtAl1999,
	Address = {Phoenix, AZ},
	Author = {S. E. Mattsson and M. Otter and H. Elmqvist},
	Booktitle = {38th IEEE Conference on Decision and Control},
	Month = dec,
	Organization = {IEEE},
	Pages = {3502--3507},
	Title = {Modelica Hybrid Modeling and Efficient Simulation},
	Url = {http://www.modelica.org/publications/papers/ModelicaCDC99.pdf},
	Year = {1999}}
